@misc{rasekharnott2024quantumlibrary,
	author = {Rasekh, Nima and Arnott, Max},
	title = {Quantum Embedding Algorithm},
	year = {2024},
	url = {https://github.com/sakurai-quantum/uniform-state-preparation/blob/main/updated_quantum_embedding_submission_nqcc.ipynb},
	howpublished = {\href{https://github.com/sakurai-quantum/uniform-state-preparation/blob/main/updated_quantum_embedding_submission_nqcc.ipynb}{Available online}},
}

@article{mrr2024limitscomparison,
	title={$(\infty,n)$-Limits {II}: Comparison across models},
	author={Moser, Lyne and Rasekh, Nima and Rovelli, Martina},
	journal={arXiv preprint},
	year={2024},
	NOTE = {\href{https://arxiv.org/abs/2408.04742}{arXiv:2408.04742}}
}

@article{wran2024doublecatsmaxim,
	title={Insights From Univalent Foundations: A Case Study Using Double Categories},
	author={Rasekh, Nima and Weide, Niels van der and Ahrens, Benedikt and North, Paige},
	journal={arXiv preprint},
	year={2024},
	NOTE = {\href{https://arxiv.org/abs/2402.05265}{arXiv:2402.05265}}
}

@article {mrr2024nerves,
	AUTHOR = {Moser, Lyne and Rasekh, Nima and Rovelli, Martina},
	TITLE = {A homotopy coherent nerve for {$(\infty,n)$}-categories},
	JOURNAL = {J. Pure Appl. Algebra},
	FJOURNAL = {Journal of Pure and Applied Algebra},
	VOLUME = {228},
	YEAR = {2024},
	NUMBER = {7},
	PAGES = {Paper No. 107620, 64},
	ISSN = {0022-4049,1873-1376},
	MRCLASS = {18N65 (18N50 55U35)},
	MRNUMBER = {4708724},
	DOI = {10.1016/j.jpaa.2024.107620},
	URL = {https://doi.org/10.1016/j.jpaa.2024.107620},
}

@article{wran2023doublecats,
	title={Univalent Double Categories},
	author={Weide, Niels van der and Rasekh, Nima and Ahrens, Benedikt and North, Paige},
	journal={arXiv preprint},
	year={2023},
	NOTE = {\href{https://arxiv.org/abs/2310.09220}{arXiv:2310.09220}, To appear in Certified Programs and Proofs  2024}
}

@inproceedings{wran2024doublecats,
	author = {van der Weide, Niels and Rasekh, Nima and Ahrens, Benedikt and North, Paige Randall},
	title = {Univalent Double Categories},
	year = {2024},
	isbn = {9798400704888},
	publisher = {Association for Computing Machinery},
	address = {New York, NY, USA},
	url = {https://doi.org/10.1145/3636501.3636955},
	doi = {10.1145/3636501.3636955},
	abstract = {Category theory is a branch of mathematics that provides a formal framework for understanding the relationship between mathematical structures. To this end, a category not only incorporates the data of the desired objects, but also "morphisms", which capture how different objects interact with each other. Category theory has found many applications in mathematics and in computer science, for example in functional programming.  
	
	Double categories are a natural generalization of categories which incorporate the data of two separate classes of morphisms, allowing a more nuanced representation of relationships and interactions between objects. Similar to category theory, double categories have been successfully applied to various situations in mathematics and computer science, in which objects naturally exhibit two types of morphisms. Examples include categories themselves, but also lenses, petri nets, and spans.  
	
	While categories have already been formalized in a variety of proof assistants, double categories have received far less attention. In this paper we remedy this situation by presenting a formalization of double categories via the proof assistant Coq, relying on the Coq UniMath library. As part of this work we present two equivalent formalizations of the definition of a double category, an unfolded explicit definition and a second definition which exhibits excellent formal properties via 2-sided displayed categories. As an application of the formal approach we establish a notion of univalent double category along with a univalence principle: equivalences of univalent double categories coincide with their identities.},
	booktitle = {Proceedings of the 13th ACM SIGPLAN International Conference on Certified Programs and Proofs},
	pages = {246–259},
	numpages = {14},
	keywords = {category theory, formalization of mathematics, double categories, univalent foundations},
	location = {<conf-loc>, <city>London</city>, <country>UK</country>, </conf-loc>},
	series = {CPP 2024}
}

@article{rasekh2023epflcondensed,
	title={What is a topological structure?},
	author={Rasekh, Nima},
	year={2023},
	journal={Talk at the EPFL topology seminar},
	note = {\href{https://guests.mpim-bonn.mpg.de/rasekh/Condensed.pdf}{Notes available online}}
}

@article{rasekh2023itpdouble,
	title={Formalizing Categories: Univalent Double Categories},
	author={Rasekh, Nima},
	year={2023},
	journal={Talk at the Interactions of Proof Assistants and Mathematics},
	note = {\href{https://itp-school-2023.github.io/slides/slides_rasekh.pdf}{Slides available online}}
}

@article{rasekh2023rzk,
	title={Repository of Formalization of simplicial Homotopy type theory},
	author={Kudasov,Nikolai and Riehl, Emily and Weinberger, Jonathan},
	year={2023},
	note = {\href{https://github.com/rzk-lang/sHoTT/graphs/contributors}{List of contributors}}
}

@article {rasekh2023left,
	AUTHOR = {Rasekh, Nima},
	TITLE = {Yoneda lemma for simplicial spaces},
	JOURNAL = {Appl. Categ. Structures},
	FJOURNAL = {Applied Categorical Structures. A Journal Devoted to
	Applications of Categorical Methods in Algebra, Analysis,
	Order, Topology and Computer Science},
	VOLUME = {31},
	YEAR = {2023},
	NUMBER = {4},
	PAGES = {Paper No. 27, 92},
	ISSN = {0927-2852,1572-9095},
	MRCLASS = {18N60 (18F20 18N40 18N50)},
	MRNUMBER = {4616631},
	DOI = {10.1007/s10485-023-09734-z},
	URL = {https://doi.org/10.1007/s10485-023-09734-z},
}

@article {rasekh2023cartfibcss,
	AUTHOR = {Rasekh, Nima},
	TITLE = {Cartesian fibrations of complete {S}egal spaces},
	JOURNAL = {High. Struct.},
	FJOURNAL = {Higher Structures},
	VOLUME = {7},
	YEAR = {2023},
	NUMBER = {1},
	PAGES = {40--73},
	ISSN = {2209-0606},
	MRCLASS = {18N60 (18F20 18N40 18N50 18N55)},
	MRNUMBER = {4600457},
}

@article{freyrasekh2023coproduct,
	AUTHOR = {Frey, Jonas and Rasekh, Nima},
	TITLE = {Constructing coproducts in locally {C}artesian closed
	{$\infty$}-categories},
	JOURNAL = {Homology Homotopy Appl.},
	FJOURNAL = {Homology, Homotopy and Applications},
	VOLUME = {25},
	YEAR = {2023},
	NUMBER = {1},
	PAGES = {71--86},
	ISSN = {1532-0073,1532-0081},
	MRCLASS = {18N60 (03B38 03G30 18B25)},
	MRNUMBER = {4558683},
}

@article{mrr2023limits,
	title={$(\infty,n)$-Limits {I}: Definition and first consistency results},
	author={Moser, Lyne and Rasekh, Nima and Rovelli, Martina},
	journal={arXiv preprint},
	year={2023},
	NOTE = {\href{https://arxiv.org/abs/2312.11101}{arXiv:2312.11101}}
}

@article{mrr2023straightening,
	title={An $(\infty,n)$-categorical straightening-unstraightening construction},
	author={Moser, Lyne and Rasekh, Nima and Rovelli, Martina},
	journal={arXiv preprint},
	year={2023},
	NOTE = {\href{https://arxiv.org/abs/2307.07259}{arXiv:2307.07259}}
}

@article {mrr2022nerves,
	title={Homotopy coherent nerves of enriched categories},
	author={Moser, Lyne and Rasekh, Nima and Rovelli, Martina},
	journal={arXiv preprint},
	year={2022},
	NOTE = {\href{https://arxiv.org/abs/2208.02745}{arXiv:2208.02745}, To appear in Journal of Pure and Applied Algebra}
}

@article {mukherjeerasekh2022twisted,
	title={Twisted Arrow Construction for {S}egal Spaces},
	author={Mukherjee, Chirantan and Rasekh, Nima},
	journal={arXiv preprint},
	year={2022},
	NOTE = {\href{https://arxiv.org/abs/2203.01788}{arXiv:2203.01788}}
}

@article{kollyrasekh2021filterquotientmodel,
	title={Filter Quotient Model Categories},
	author={Kolly, Gabin and Rasekh, Nima},
	journal={To appear},
	year={2021},
}

@article{rasekh2021nno,
	AUTHOR = {Rasekh, Nima},
	TITLE = {Every Elementary Higher Topos has a Natural Number Object},
	JOURNAL = {Theory Appl. Categ.},
	FJOURNAL = {Theory and Applications of Categories},
	VOLUME = {37},
	YEAR = {2021},
	PAGES = {Paper No. 13, pp 337-377},
}

@article{hessrasekh2021shadow,
	title={Shadows are Bicategorical Traces},
	author={Hess, Kathryn and Rasekh, Nima},
	journal={arXiv preprint},
	year={2021},
	NOTE = {\href{https://arxiv.org/abs/2109.02144}{arXiv:2109.02144}},
}

@article{rasekh2021nleft,
	title={Yoneda lemma for $\mathcal{D}$-simplicial spaces},
	author={Rasekh, Nima},
	journal={arXiv preprint},
	year={2021},
	NOTE = {\href{https://arxiv.org/abs/2108.06168}{arXiv:2108.06168}},
}


@article {rasekh2021cartfibmarkedvscso,
	AUTHOR = {Rasekh, Nima},
	TITLE = {Quasi-categories vs. {S}egal spaces: {C}artesian edition},
	JOURNAL = {J. Homotopy Relat. Struct.},
	FJOURNAL = {Journal of Homotopy and Related Structures},
	VOLUME = {16},
	YEAR = {2021},
	NUMBER = {4},
	PAGES = {563--604},
	ISSN = {2193-8407,1512-2891},
	MRCLASS = {18N40 (18N45)},
	MRNUMBER = {4343074},
	MRREVIEWER = {Philippe\ Gaucher},
	DOI = {10.1007/s40062-021-00288-2},
	URL = {https://doi.org/10.1007/s40062-021-00288-2},
}

@article{rasekh2021univalence,
	title={Univalence in Higher Category Theory},
	author={Rasekh, Nima},
	journal={arXiv preprint},
	year={2021},
	NOTE = {\href{https://arxiv.org/abs/2103.12762}{arXiv:2103.12762}},
}

@article {rasekhstonek2020taq,
	AUTHOR = {Rasekh, Nima and Stonek, Bruno},
	TITLE = {The cotangent complex and {T}hom spectra},
	JOURNAL = {Abh. Math. Semin. Univ. Hambg.},
	FJOURNAL = {Abhandlungen aus dem Mathematischen Seminar der Universit\"{a}t
	Hamburg},
	VOLUME = {90},
	YEAR = {2020},
	NUMBER = {2},
	PAGES = {229--252},
	ISSN = {0025-5858},
	MRCLASS = {55P43 (14F10)},
	MRNUMBER = {4217953},
	DOI = {10.1007/s12188-020-00226-8},
	URL = {https://doi.org/10.1007/s12188-020-00226-8},
}

@article {rsv2022thom,
	AUTHOR = {Rasekh, Nima and Stonek, Bruno and Valenzuela, Gabriel},
	TITLE = {Thom spectra, higher {THH} and tensors in
	{$\infty$}-categories},
	JOURNAL = {Algebr. Geom. Topol.},
	FJOURNAL = {Algebraic \& Geometric Topology},
	VOLUME = {22},
	YEAR = {2022},
	NUMBER = {4},
	PAGES = {1841--1903},
	ISSN = {1472-2747},
	MRCLASS = {55P43 (18D20 55N20)},
	MRNUMBER = {4495670},
	DOI = {10.2140/agt.2022.22.1841},
	URL = {https://doi.org/10.2140/agt.2022.22.1841},
}

@article{rasekh2018elementarytopos,
	title={A theory of elementary higher toposes},
	author={Rasekh, Nima},
	journal={arXiv preprint},
	year={2018},
	NOTE = {\href{https://arxiv.org/abs/1805.03805v3}{arXiv:1805.03805v3}},
}

@article{rasekh2018nno,
	title={Every Elementary Higher Topos has a Natural Number Object},
	author={Rasekh, Nima},
	journal={arXiv preprint},
	year={2018},
	NOTE = {\href{https://arxiv.org/abs/1809.01734v3}{arXiv:1809.01734v3}},
}

@article{rasekh2024model,
	title={A Model for the Higher Category of Higher Categories},
	author={Rasekh, Nima},
	JOURNAL = {Theory Appl. Categ.},
	FJOURNAL = {Theory and Applications of Categories},
	VOLUME = {41},
	YEAR = {2024},
	PAGES = {Paper No. 2, pp 21-70},
}

@article{rasekh2018model,
	title={A Model for the Higher Category of Higher Categories},
	author={Rasekh, Nima},
	journal={arXiv preprint},
	year={2018},
	NOTE = {\href{https://arxiv.org/abs/1805.03816v3}{arXiv:1805.03816v3}},
}

@article{rasekh2017left,
	title={Yoneda lemma for simplicial spaces},
	author={Rasekh, Nima},
	journal={arXiv preprint},
	year={2017},
	NOTE = {\href{https://arxiv.org/abs/1711.03160v3}{arXiv:1711.03160v3}},
}

@article{rasekh2022cartesian,
	title={Cartesian fibrations and representability},
	author={Rasekh, Nima},
	journal={Homology, Homotopy and Applications},
	volume={24},
	number={2},
	pages={135--161},
	year={2022},
	publisher={International Press of Boston}
}

@article{rasekh2018elementaryyoneda,
	title={Yoneda Lemma for Elementary Higher Toposes},
	author={Rasekh, Nima},
	journal={arXiv preprint},
	year={2018},
	NOTE = {\href{https://arxiv.org/abs/1809.01736}{arXiv:1809.01736}},
}

@article{rasekh2018truncations,
	title={An Elementary Approach to Truncations},
	author={Rasekh, Nima},
	journal={arXiv preprint},
	year={2018},
	NOTE = {\href{https://arxiv.org/abs/1812.10527v2}{arXiv:1812.10527v2}},
}

@article {rasekh2021filterquotient,
	AUTHOR = {Rasekh, Nima},
	TITLE = {Filter quotients and non-presentable {$(\infty,1)$}-toposes},
	JOURNAL = {J. Pure Appl. Algebra},
	FJOURNAL = {Journal of Pure and Applied Algebra},
	VOLUME = {225},
	YEAR = {2021},
	NUMBER = {12},
	PAGES = {Paper No. 106770, 36},
	ISSN = {0022-4049,1873-1376},
	MRCLASS = {18N60 (18B25 55U35)},
	MRNUMBER = {4243727},
	MRREVIEWER = {Hirokazu\ Nishimura},
	DOI = {10.1016/j.jpaa.2021.106770},
	URL = {https://doi.org/10.1016/j.jpaa.2021.106770},
}

@article{rasekh2018cso,
	title={Complete segal objects},
	author={Rasekh, Nima},
	journal={arXiv preprint arXiv:1805.03561},
	year={2018}
}

@article {bergnerrezk2013comparisoni,
    AUTHOR = {Bergner, Julia E. and Rezk, Charles},
     TITLE = {Comparison of models for {$(\infty,n)$}-categories, {I}},
   JOURNAL = {Geom. Topol.},
  FJOURNAL = {Geometry \& Topology},
    VOLUME = {17},
      YEAR = {2013},
    NUMBER = {4},
     PAGES = {2163--2202},
      ISSN = {1465-3060},
   MRCLASS = {18D05 (18G55)},
  MRNUMBER = {3109865},
MRREVIEWER = {Javier J. Guti\'{e}rrez},
       DOI = {10.2140/gt.2013.17.2163},
       URL = {https://doi.org/10.2140/gt.2013.17.2163},
}

@article {rezk2010thetanspaces,
    AUTHOR = {Rezk, Charles},
     TITLE = {A {C}artesian presentation of weak {$n$}-categories},
   JOURNAL = {Geom. Topol.},
  FJOURNAL = {Geometry \& Topology},
    VOLUME = {14},
      YEAR = {2010},
    NUMBER = {1},
     PAGES = {521--571},
      ISSN = {1465-3060},
   MRCLASS = {18D05 (55U40)},
  MRNUMBER = {2578310},
       DOI = {10.2140/gt.2010.14.521},
       URL = {https://doi.org/10.2140/gt.2010.14.521},
}

@article {rezk2001css,
    AUTHOR = {Rezk, Charles},
     TITLE = {A model for the homotopy theory of homotopy theory},
   JOURNAL = {Trans. Amer. Math. Soc.},
  FJOURNAL = {Transactions of the American Mathematical Society},
    VOLUME = {353},
      YEAR = {2001},
    NUMBER = {3},
     PAGES = {973--1007},
      ISSN = {0002-9947},
   MRCLASS = {55U35 (18G30)},
  MRNUMBER = {1804411},
MRREVIEWER = {Brooke E. Shipley},
       DOI = {10.1090/S0002-9947-00-02653-2},
       URL = {https://doi.org/10.1090/S0002-9947-00-02653-2},
}

@article{rezk2017qcats,
	title={Stuff about quasicategories},
	author={Rezk, Charles},
	NOTE = {\href{http://www.math.illinois.edu/rezk/595-fal16/quasicats.pdf}{Unpublished notes}},
	year={2017}
}

@article {bergnerrezk2020comparisonii,
	AUTHOR = {Bergner, Julia E. and Rezk, Charles},
	TITLE = {Comparison of models for {$(\infty, n)$}-categories, {II}},
	JOURNAL = {J. Topol.},
	FJOURNAL = {Journal of Topology},
	VOLUME = {13},
	YEAR = {2020},
	NUMBER = {4},
	PAGES = {1554--1581},
	ISSN = {1753-8416},
	MRCLASS = {18N65 (18N40 55U35 55U40)},
	MRNUMBER = {4186138},
	DOI = {10.1112/topo.12167},
	URL = {https://doi.org/10.1112/topo.12167},
}


@misc{rezk2010toposes,
  title={Toposes and homotopy toposes (version 0.15)},
  author={Rezk, Charles},
  journal={Unpublished notes, https://faculty.math.illinois.edu/~rezk/homotopy-topos-sketch.pdf},
  year={2010}
}

@article {bergner2007bergnermodelcat,
    AUTHOR = {Bergner, Julia E.},
     TITLE = {A model category structure on the category of simplicial
              categories},
   JOURNAL = {Trans. Amer. Math. Soc.},
  FJOURNAL = {Transactions of the American Mathematical Society},
    VOLUME = {359},
      YEAR = {2007},
    NUMBER = {5},
     PAGES = {2043--2058},
      ISSN = {0002-9947},
   MRCLASS = {18G55 (18D20)},
  MRNUMBER = {2276611},
MRREVIEWER = {Philippe Gaucher},
       DOI = {10.1090/S0002-9947-06-03987-0},
       URL = {https://doi.org/10.1090/S0002-9947-06-03987-0},
}

@article {bergner2007threemodels,
	AUTHOR = {Bergner, Julia E.},
	TITLE = {Three models for the homotopy theory of homotopy theories},
	JOURNAL = {Topology},
	FJOURNAL = {Topology. An International Journal of Mathematics},
	VOLUME = {46},
	YEAR = {2007},
	NUMBER = {4},
	PAGES = {397--436},
	ISSN = {0040-9383},
	MRCLASS = {55U35 (18E35 18G30)},
	MRNUMBER = {2321038},
	MRREVIEWER = {Henning Krause},
	DOI = {10.1016/j.top.2007.03.002},
	URL = {https://doi.org/10.1016/j.top.2007.03.002},
}

@incollection {bergner2010survey,
    AUTHOR = {Bergner, Julia E.},
     TITLE = {A survey of {$(\infty,1)$}-categories},
 BOOKTITLE = {Towards higher categories},
    SERIES = {IMA Vol. Math. Appl.},
    VOLUME = {152},
     PAGES = {69--83},
 PUBLISHER = {Springer, New York},
      YEAR = {2010},
   MRCLASS = {18-02 (18D05 55-02 55U35 55U40)},
  MRNUMBER = {2664620},
       DOI = {10.1007/978-1-4419-1524-5_2},
       URL = {https://doi.org/10.1007/978-1-4419-1524-5_2},
}

@book {bergner2018book,
    AUTHOR = {Bergner, Julia E.},
     TITLE = {The homotopy theory of {$(\infty, 1)$}-categories},
    SERIES = {London Mathematical Society Student Texts},
    VOLUME = {90},
 PUBLISHER = {Cambridge University Press, Cambridge},
      YEAR = {2018},
     PAGES = {xiv+273},
      ISBN = {978-1-107-49902-7; 978-1-107-10136-4},
   MRCLASS = {18-02 (18D99 18G30 18G55 55U35 55U40)},
  MRNUMBER = {3791455},
MRREVIEWER = {David A. Blanc},
}

@article{bergner2020surveyn,
  title={A survey of models for $(\infty, n)$-categories},
  author={Bergner, Julia E},
  journal={Handbook of Homotopy Theory, edited by Haynes Miller, Chapman \& Hall/CRC},
  pages={263--295},
  year={2020}
}

@incollection {bergner2011modelsinftyn,
	AUTHOR = {Bergner, Julia E.},
	TITLE = {Models for {$(\infty,n)$}-categories and the cobordism
	hypothesis},
	BOOKTITLE = {Mathematical foundations of quantum field theory and
	perturbative string theory},
	SERIES = {Proc. Sympos. Pure Math.},
	VOLUME = {83},
	PAGES = {17--30},
	PUBLISHER = {Amer. Math. Soc., Providence, RI},
	YEAR = {2011},
	MRCLASS = {55U35 (18D20 18G30 18G55 57R56)},
	MRNUMBER = {2742424},
	MRREVIEWER = {David A. Blanc},
	DOI = {10.1090/pspum/083/2742424},
	URL = {https://doi.org/10.1090/pspum/083/2742424},
}

@article {gepnerhaugseng2015enrichedinftycat,
    AUTHOR = {Gepner, David and Haugseng, Rune},
     TITLE = {Enriched {$\infty$}-categories via non-symmetric
              {$\infty$}-operads},
   JOURNAL = {Adv. Math.},
  FJOURNAL = {Advances in Mathematics},
    VOLUME = {279},
      YEAR = {2015},
     PAGES = {575--716},
      ISSN = {0001-8708},
   MRCLASS = {18D20 (18D10 18D50)},
  MRNUMBER = {3345192},
MRREVIEWER = {Christopher L. Rogers},
       DOI = {10.1016/j.aim.2015.02.007},
       URL = {https://doi.org/10.1016/j.aim.2015.02.007},
}

@article {gepnergrothnikolaus2015infiniteloopspacemachine,
    AUTHOR = {Gepner, David and Groth, Moritz and Nikolaus, Thomas},
     TITLE = {Universality of multiplicative infinite loop space machines},
   JOURNAL = {Algebr. Geom. Topol.},
  FJOURNAL = {Algebraic \& Geometric Topology},
    VOLUME = {15},
      YEAR = {2015},
    NUMBER = {6},
     PAGES = {3107--3153},
      ISSN = {1472-2747},
   MRCLASS = {55P48 (19D23 55P43)},
  MRNUMBER = {3450758},
MRREVIEWER = {John A. Lind},
       DOI = {10.2140/agt.2015.15.3107},
       URL = {https://doi.org/10.2140/agt.2015.15.3107},
}

@article {gepnerkock2017univalence,
    AUTHOR = {Gepner, David and Kock, Joachim},
     TITLE = {Univalence in locally cartesian closed {$\infty$}-categories},
   JOURNAL = {Forum Math.},
  FJOURNAL = {Forum Mathematicum},
    VOLUME = {29},
      YEAR = {2017},
    NUMBER = {3},
     PAGES = {617--652},
      ISSN = {0933-7741},
   MRCLASS = {55U35 (18B25 18C50)},
  MRNUMBER = {3641669},
MRREVIEWER = {Andrzej Wi\'{s}nicki},
       DOI = {10.1515/forum-2015-0228},
       URL = {https://doi.org/10.1515/forum-2015-0228},
}
	
@article {gepnerhaugsengnikolaus2017laxcolimits,
    AUTHOR = {Gepner, David and Haugseng, Rune and Nikolaus, Thomas},
     TITLE = {Lax colimits and free fibrations in {$\infty$}-categories},
   JOURNAL = {Doc. Math.},
  FJOURNAL = {Documenta Mathematica},
    VOLUME = {22},
      YEAR = {2017},
     PAGES = {1225--1266},
      ISSN = {1431-0635},
   MRCLASS = {18D30 (18A30)},
  MRNUMBER = {3690268},
MRREVIEWER = {Josep Elgueta},
}

@article {chuhaugseng2020enrichedoperads,
    AUTHOR = {Chu, Hongyi and Haugseng, Rune},
     TITLE = {Enriched {$\infty$}-operads},
   JOURNAL = {Adv. Math.},
  FJOURNAL = {Advances in Mathematics},
    VOLUME = {361},
      YEAR = {2020},
     PAGES = {106913, 85},
      ISSN = {0001-8708},
   MRCLASS = {18D50 (18D20 18F20)},
  MRNUMBER = {4038556},
       DOI = {10.1016/j.aim.2019.106913},
       URL = {https://doi.org/10.1016/j.aim.2019.106913},
}

@article {haugseng2018equivthetanSegalspace,
    AUTHOR = {Haugseng, Rune},
     TITLE = {On the equivalence between {$\Theta_n$}-spaces and iterated
              {S}egal spaces},
   JOURNAL = {Proc. Amer. Math. Soc.},
  FJOURNAL = {Proceedings of the American Mathematical Society},
    VOLUME = {146},
      YEAR = {2018},
    NUMBER = {4},
     PAGES = {1401--1415},
      ISSN = {0002-9939},
   MRCLASS = {18D05 (55U40)},
  MRNUMBER = {3754328},
MRREVIEWER = {Charles Rezk},
       DOI = {10.1090/proc/13695},
       URL = {https://doi.org/10.1090/proc/13695},
}

@article {haugseng2017highermorita,
    AUTHOR = {Haugseng, Rune},
     TITLE = {The higher {M}orita category of {$\Bbb{E}_n$}-algebras},
   JOURNAL = {Geom. Topol.},
  FJOURNAL = {Geometry \& Topology},
    VOLUME = {21},
      YEAR = {2017},
    NUMBER = {3},
     PAGES = {1631--1730},
      ISSN = {1465-3060},
   MRCLASS = {18D50 (16D20 18D10 55U35)},
  MRNUMBER = {3650080},
MRREVIEWER = {Julia Bergner},
       DOI = {10.2140/gt.2017.21.1631},
       URL = {https://doi.org/10.2140/gt.2017.21.1631},
}

@article {haugseng2015rectenrichedinftycat,
    AUTHOR = {Haugseng, Rune},
     TITLE = {Rectification of enriched {$\infty$}-categories},
   JOURNAL = {Algebr. Geom. Topol.},
  FJOURNAL = {Algebraic \& Geometric Topology},
    VOLUME = {15},
      YEAR = {2015},
    NUMBER = {4},
     PAGES = {1931--1982},
      ISSN = {1472-2747},
   MRCLASS = {18G55 (18D10 18D20 55P48 55U35)},
  MRNUMBER = {3402334},
MRREVIEWER = {Philippe Gaucher},
       DOI = {10.2140/agt.2015.15.1931},
       URL = {https://doi.org/10.2140/agt.2015.15.1931},
}

@book {lurie2009htt,
    AUTHOR = {Lurie, Jacob},
     TITLE = {Higher topos theory},
    SERIES = {Annals of Mathematics Studies},
    VOLUME = {170},
 PUBLISHER = {Princeton University Press, Princeton, NJ},
      YEAR = {2009},
     PAGES = {xviii+925},
      ISBN = {978-0-691-14049-0; 0-691-14049-9},
   MRCLASS = {18-02 (18B25 18E35 18G30 18G55 55U40)},
  MRNUMBER = {2522659},
MRREVIEWER = {Mark Hovey},
       DOI = {10.1515/9781400830558},
       URL = {https://doi.org/10.1515/9781400830558},
}

@article{lurie2009goodwillie,
	title={(Infinity, 2)-Categories and the Goodwillie Calculus I},
	author={Lurie, Jacob},
	journal={arXiv preprint},
	year={2009},
	NOTE = {\href{https://arxiv.org/abs/0905.0462v2}{arXiv:0905.0462v2}},
}

@misc{lurie2017ha,
  title={Higher algebra},
  author={Lurie, Jacob},
		month={September},
  year={2017},
		howpublished = {\href{http://www.math.ias.edu/~lurie/papers/HA.pdf}{Available	online}}
}

@misc{lurie2018sag,
  title={Spectral algebraic geometry},
  author={Lurie, Jacob},
month={February},
  year={2018},
howpublished = {\href{https://www.math.ias.edu/~lurie/papers/SAG-rootfile.pdf}{https://www.math.ias.edu/~lurie/papers/SAG-rootfile.pdf}}
}

@incollection {lurie2009cobordism,
    AUTHOR = {Lurie, Jacob},
     TITLE = {On the classification of topological field theories},
 BOOKTITLE = {Current developments in mathematics, 2008},
     PAGES = {129--280},
 PUBLISHER = {Int. Press, Somerville, MA},
      YEAR = {2009},
   MRCLASS = {57R56 (18D10 18G30 57R15 57R75)},
  MRNUMBER = {2555928},
MRREVIEWER = {Julia Bergner},
}

@book {riehl2014categoricalhomotopytheory,
    AUTHOR = {Riehl, Emily},
     TITLE = {Categorical homotopy theory},
    SERIES = {New Mathematical Monographs},
    VOLUME = {24},
 PUBLISHER = {Cambridge University Press, Cambridge},
      YEAR = {2014},
     PAGES = {xviii+352},
      ISBN = {978-1-107-04845-4},
   MRCLASS = {18Gxx},
  MRNUMBER = {3221774},
       DOI = {10.1017/CBO9781107261457},
       URL = {http://dx.doi.org/10.1017/CBO9781107261457},
}

@book{riehl2017context,
  title={Category theory in context},
  author={Riehl, Emily},
  year={2017},
  publisher={Courier Dover Publications}
}

@article {riehlshulman2017rezktypes,
    AUTHOR = {Riehl, Emily and Shulman, Michael},
     TITLE = {A type theory for synthetic {$\infty$}-categories},
   JOURNAL = {High. Struct.},
  FJOURNAL = {Higher Structures},
    VOLUME = {1},
      YEAR = {2017},
    NUMBER = {1},
     PAGES = {147--224},
   MRCLASS = {18D05 (03G30 18G35 18G55)},
  MRNUMBER = {3912054},
MRREVIEWER = {Thomas Streicher},
       DOI = {10.1007/s42001-017-0005-6},
       URL = {https://doi.org/10.1007/s42001-017-0005-6},
}

@article {riehlverity2017inftycosmos,
    AUTHOR = {Riehl, Emily and Verity, Dominic},
     TITLE = {Fibrations and {Y}oneda's lemma in an {$\infty$}-cosmos},
   JOURNAL = {J. Pure Appl. Algebra},
  FJOURNAL = {Journal of Pure and Applied Algebra},
    VOLUME = {221},
      YEAR = {2017},
    NUMBER = {3},
     PAGES = {499--564},
      ISSN = {0022-4049},
   MRCLASS = {18D99 (55U35)},
  MRNUMBER = {3556697},
MRREVIEWER = {Luciano Stramaccia},
       DOI = {10.1016/j.jpaa.2016.07.003},
       URL = {https://doi.org/10.1016/j.jpaa.2016.07.003},
}

@article{riehlverity2018elements,
	title={Elements of $\infty$-category theory},
	author={Riehl, Emily and Verity, Dominic},
	howpublished = {http://www.math.jhu.edu/~eriehl/elements.pdf},
	YEAR={2021},
	urldate = {01.02.2021},
	NOTE= {Version of February 01, 2021},
}

@article {riehl2011simpcatofqcat,
    AUTHOR = {Riehl, Emily},
     TITLE = {On the structure of simplicial categories associated to
              quasi-categories},
   JOURNAL = {Math. Proc. Cambridge Philos. Soc.},
  FJOURNAL = {Mathematical Proceedings of the Cambridge Philosophical
              Society},
    VOLUME = {150},
      YEAR = {2011},
    NUMBER = {3},
     PAGES = {489--504},
      ISSN = {0305-0041},
   MRCLASS = {18G30 (55U10 55U40)},
  MRNUMBER = {2784771},
MRREVIEWER = {Mark W. Johnson},
       DOI = {10.1017/S0305004111000053},
       URL = {https://doi.org/10.1017/S0305004111000053},
}

@book {hovey1999modelcategories,
    AUTHOR = {Hovey, Mark},
     TITLE = {Model categories},
    SERIES = {Mathematical Surveys and Monographs},
    VOLUME = {63},
 PUBLISHER = {American Mathematical Society, Providence, RI},
      YEAR = {1999},
     PAGES = {xii+209},
      ISBN = {0-8218-1359-5},
   MRCLASS = {55U35 (18D15 18G30 18G55)},
  MRNUMBER = {1650134},
MRREVIEWER = {Teimuraz Pirashvili},
}

@book {hirschhorn2003modelcategories,
    AUTHOR = {Hirschhorn, Philip S.},
     TITLE = {Model categories and their localizations},
    SERIES = {Mathematical Surveys and Monographs},
    VOLUME = {99},
 PUBLISHER = {American Mathematical Society, Providence, RI},
      YEAR = {2003},
     PAGES = {xvi+457},
      ISBN = {0-8218-3279-4},
   MRCLASS = {18G55 (55P60 55U35)},
  MRNUMBER = {1944041},
MRREVIEWER = {David A. Blanc},
}

@book {quillen1967modelcats,
    AUTHOR = {Quillen, Daniel G.},
     TITLE = {Homotopical algebra},
    SERIES = {Lecture Notes in Mathematics, No. 43},
 PUBLISHER = {Springer-Verlag, Berlin-New York},
      YEAR = {1967},
     PAGES = {iv+156 pp. (not consecutively paged)},
   MRCLASS = {18.20 (55.00)},
  MRNUMBER = {0223432},
MRREVIEWER = {A. K. Bousfield},
}

@inproceedings {quillen1972higherktheories,
    AUTHOR = {Quillen, Daniel},
     TITLE = {Higher algebraic {$K$}-theory. {I}},
 BOOKTITLE = {Algebraic {$K$}-theory, {I}: {H}igher {$K$}-theories ({P}roc.
              {C}onf., {B}attelle {M}emorial {I}nst., {S}eattle, {W}ash.,
              1972)},
     PAGES = {85--147. Lecture Notes in Math., Vol. 341},
      YEAR = {1973},
   MRCLASS = {18F25},
  MRNUMBER = {0338129},
MRREVIEWER = {Stephen M. Gersten},
}

@book {goerssjardine1999simplicialhomotopytheory,
    AUTHOR = {Goerss, Paul G. and Jardine, John F.},
     TITLE = {Simplicial homotopy theory},
    SERIES = {Progress in Mathematics},
    VOLUME = {174},
 PUBLISHER = {Birkh\"auser Verlag, Basel},
      YEAR = {1999},
     PAGES = {xvi+510},
      ISBN = {3-7643-6064-X},
   MRCLASS = {55U10 (18G55 55-01 55Pxx)},
  MRNUMBER = {1711612 (2001d:55012)},
MRREVIEWER = {R. M. Vogt},
       DOI = {10.1007/978-3-0348-8707-6},
       URL = {http://dx.doi.org/10.1007/978-3-0348-8707-6},
}

@article {cisinski2006cisinskimodelstructure,
    AUTHOR = {Cisinski, Denis-Charles},
     TITLE = {Les pr\'{e}faisceaux comme mod\`eles des types d'homotopie},
   JOURNAL = {Ast\'{e}risque},
  FJOURNAL = {Ast\'{e}risque},
    NUMBER = {308},
      YEAR = {2006},
     PAGES = {xxiv+390},
      ISSN = {0303-1179},
      ISBN = {978-2-85629-225-9},
   MRCLASS = {55-02 (18F20 18G50 55P60 55U35)},
  MRNUMBER = {2294028},
MRREVIEWER = {Philippe Gaucher},
}

@book {cisinski2019highercategories,
    AUTHOR = {Cisinski, Denis-Charles},
     TITLE = {Higher categories and homotopical algebra},
    SERIES = {Cambridge Studies in Advanced Mathematics},
    VOLUME = {180},
 PUBLISHER = {Cambridge University Press, Cambridge},
      YEAR = {2019},
     PAGES = {xviii+430},
      ISBN = {978-1-108-47320-0},
   MRCLASS = {18D05 (18F20 18G55 55U35)},
  MRNUMBER = {3931682},
       DOI = {10.1017/9781108588737},
       URL = {https://doi.org/10.1017/9781108588737},
}

@article{barwickschommerpries2011unicity,
  title={On the unicity of the homotopy theory of higher categories},
  author={Barwick, Clark and Schommer-Pries, Christopher},
  journal={arXiv preprint arXiv:1112.0040},
  year={2011}
}

@article {barwickkan2012relativecategory,
    AUTHOR = {Barwick, C. and Kan, D. M.},
     TITLE = {Relative categories: another model for the homotopy theory of
              homotopy theories},
   JOURNAL = {Indag. Math. (N.S.)},
  FJOURNAL = {Koninklijke Nederlandse Akademie van Wetenschappen.
              Indagationes Mathematicae. New Series},
    VOLUME = {23},
      YEAR = {2012},
    NUMBER = {1-2},
     PAGES = {42--68},
      ISSN = {0019-3577},
   MRCLASS = {55U40 (18G55)},
  MRNUMBER = {2877401},
MRREVIEWER = {Geoffrey M. L. Powell},
       DOI = {10.1016/j.indag.2011.10.002},
       URL = {https://doi.org/10.1016/j.indag.2011.10.002},
}

@book {barwick2005nfoldsegalspaces,
    AUTHOR = {Barwick, Clark},
     TITLE = {(infinity, n)-{C}at as a closed model category},
      NOTE = {Thesis (Ph.D.)--University of Pennsylvania},
 PUBLISHER = {ProQuest LLC, Ann Arbor, MI},
      YEAR = {2005},
     PAGES = {48},
      ISBN = {978-0542-00534-3},
   MRCLASS = {Thesis},
  MRNUMBER = {2706984},
       URL =           {http://gateway.proquest.com/openurl?url_ver=Z39.88-2004&rft_val_fmt=info:ofi/fmt:kev:mtx:dissertation&res_dat=xri:pqdiss&rft_dat=xri:pqdiss:3165639},
}

@article {barwickglasmannardin2018dualizingfibrations,
    AUTHOR = {Barwick, Clark and Glasman, Saul and Nardin, Denis},
     TITLE = {Dualizing cartesian and cocartesian fibrations},
   JOURNAL = {Theory Appl. Categ.},
  FJOURNAL = {Theory and Applications of Categories},
    VOLUME = {33},
      YEAR = {2018},
     PAGES = {Paper No. 4, 67--94},
   MRCLASS = {18D15},
  MRNUMBER = {3746613},
MRREVIEWER = {Josep Elgueta},
}

@article {rijkeshulmanspitters2020modalities,
    AUTHOR = {Rijke, Egbert and Shulman, Michael and Spitters, Bas},
     TITLE = {Modalities in homotopy type theory},
   JOURNAL = {Log. Methods Comput. Sci.},
  FJOURNAL = {Logical Methods in Computer Science},
    VOLUME = {16},
      YEAR = {2020},
    NUMBER = {1},
     PAGES = {Paper No. 2, 79},
   MRCLASS = {03G30 (03B38 03B45 18N45 55U35)},
  MRNUMBER = {4054355},
}


@article{rijke2017join,
  title={The join construction},
  author={Rijke, Egbert},
  journal={arXiv preprint arXiv:1701.07538},
  year={2017}
}

@article{shulman2019inftytoposunivalent,
  title={All ($\infty$, 1)-toposes have strict univalent universes},
  author={Shulman, Michael},
  journal={arXiv preprint},
  year={2019},
  NOTE = {\href{https://arxiv.org/abs/1904.07004}{arXiv:1904.07004}},
}

@article {shulman2015elegantunivalence,
    AUTHOR = {Shulman, Michael},
     TITLE = {The univalence axiom for elegant {R}eedy presheaves},
   JOURNAL = {Homology Homotopy Appl.},
  FJOURNAL = {Homology, Homotopy and Applications},
    VOLUME = {17},
      YEAR = {2015},
    NUMBER = {2},
     PAGES = {81--106},
      ISSN = {1532-0073},
   MRCLASS = {03G30 (18G55 55U35)},
  MRNUMBER = {3421464},
MRREVIEWER = {Krzysztof R. Kapulkin},
       DOI = {10.4310/HHA.2015.v17.n2.a6},
       URL = {https://doi.org/10.4310/HHA.2015.v17.n2.a6},
}

@article {shulman2018brouwer,
    AUTHOR = {Shulman, Michael},
     TITLE = {Brouwer's fixed-point theorem in real-cohesive homotopy type
              theory},
   JOURNAL = {Math. Structures Comput. Sci.},
  FJOURNAL = {Mathematical Structures in Computer Science. A Journal in the
              Applications of Categorical, Algebraic and Geometric Methods
              in Computer Science},
    VOLUME = {28},
      YEAR = {2018},
    NUMBER = {6},
     PAGES = {856--941},
      ISSN = {0960-1295},
   MRCLASS = {18G55 (03B40 55M20)},
  MRNUMBER = {3798599},
MRREVIEWER = {Krzysztof R. Kapulkin},
       DOI = {10.1017/S0960129517000147},
       URL = {https://doi.org/10.1017/S0960129517000147},
}

@article {kapulkinlumsdaine2021kanunivalent,
	AUTHOR = {Kapulkin, Krzysztof and Lumsdaine, Peter LeFanu},
	TITLE = {The simplicial model of univalent foundations (after
	{V}oevodsky)},
	JOURNAL = {J. Eur. Math. Soc. (JEMS)},
	FJOURNAL = {Journal of the European Mathematical Society (JEMS)},
	VOLUME = {23},
	YEAR = {2021},
	NUMBER = {6},
	PAGES = {2071--2126},
	ISSN = {1435-9855},
	MRCLASS = {03B38 (18N45 55U35)},
	MRNUMBER = {4244523},
	DOI = {10.4171/JEMS/1050},
	URL = {https://doi.org/10.4171/JEMS/1050},
}

@article {kapulkin2017lccc,
    AUTHOR = {Kapulkin, Krzysztof},
     TITLE = {Locally cartesian closed quasi-categories from type theory},
   JOURNAL = {J. Topol.},
  FJOURNAL = {Journal of Topology},
    VOLUME = {10},
      YEAR = {2017},
    NUMBER = {4},
     PAGES = {1029--1049},
      ISSN = {1753-8416},
   MRCLASS = {18G55 (03B15 03B70 55U35)},
  MRNUMBER = {3743067},
MRREVIEWER = {Thomas Streicher},
       DOI = {10.1112/topo.12031},
       URL = {https://doi.org/10.1112/topo.12031},
}

@article {kapulkinszumilo2019completequasicat,
    AUTHOR = {Kapulkin, Krzysztof and Szumi{\l}o, Karol},
     TITLE = {Internal languages of finitely complete
              {$(\infty,1)$}-categories},
   JOURNAL = {Selecta Math. (N.S.)},
  FJOURNAL = {Selecta Mathematica. New Series},
    VOLUME = {25},
      YEAR = {2019},
    NUMBER = {2},
     PAGES = {Paper No. 33, 46},
      ISSN = {1022-1824},
   MRCLASS = {18G55 (03B15 55U35)},
  MRNUMBER = {3943478},
MRREVIEWER = {Andrzej Wi\'{s}nicki},
       DOI = {10.1007/s00029-019-0480-0},
       URL = {https://doi.org/10.1007/s00029-019-0480-0},
}

@Book{hottbook2013,
  author =    {The {Univalent Foundations Program}},
  title =     {Homotopy Type Theory: Univalent Foundations of Mathematics},
  publisher = {\url{https://homotopytypetheory.org/book}},
  address =   {Institute for Advanced Study},
  year =      2013}
  
@article {abfj2018goodwillie,
    AUTHOR = {Anel, M. and Biedermann, G. and Finster, E. and Joyal, A.},
     TITLE = {Goodwillie's calculus of functors and higher topos theory},
   JOURNAL = {J. Topol.},
  FJOURNAL = {Journal of Topology},
    VOLUME = {11},
      YEAR = {2018},
    NUMBER = {4},
     PAGES = {1100--1132},
      ISSN = {1753-8416},
   MRCLASS = {18B25 (18F05 55P65)},
  MRNUMBER = {3989439},
       DOI = {10.1112/topo.12082},
       URL = {https://doi.org/10.1112/topo.12082},
}  

@incollection {joyaltierney2007qcatvssegal,
    AUTHOR = {Joyal, Andr\'{e} and Tierney, Myles},
     TITLE = {Quasi-categories vs {S}egal spaces},
 BOOKTITLE = {Categories in algebra, geometry and mathematical physics},
    SERIES = {Contemp. Math.},
    VOLUME = {431},
     PAGES = {277--326},
 PUBLISHER = {Amer. Math. Soc., Providence, RI},
      YEAR = {2007},
   MRCLASS = {55U35 (18G55)},
  MRNUMBER = {2342834},
MRREVIEWER = {Nicola Gambino},
       DOI = {10.1090/conm/431/08278},
       URL = {https://doi.org/10.1090/conm/431/08278},
}

@article{joyal2008notes,
	title={Notes on quasi-categories},
	author={Joyal, Andr{\'e}},
	journal={preprint},
	year={2008},
	NOTE = {\href{https://www.math.uchicago.edu/~may/IMA/Joyal.pdf}{Unpublished notes} (accessed 01.09.2021)},
}

@article{joyal2008theory,
	title={The theory of quasi-categories and its applications},
	author={Joyal, Andr{\'e}},
	year={2008},
	publisher={Citeseer},
	NOTE = {\href{https://mat.uab.cat/~kock/crm/hocat/advanced-course/Quadern45-2.pdf}{Unpublished notes} (accessed 01.09.2021)},
}

@article {abfj2020blakersmassey,
	AUTHOR = {Anel, Mathieu and Biedermann, Georg and Finster, Eric and
	Joyal, Andr\'{e}},
	TITLE = {A generalized {B}lakers-{M}assey theorem},
	JOURNAL = {J. Topol.},
	FJOURNAL = {Journal of Topology},
	VOLUME = {13},
	YEAR = {2020},
	NUMBER = {4},
	PAGES = {1521--1553},
	ISSN = {1753-8416},
	MRCLASS = {18N20 (18B25 18N45 55U35)},
	MRNUMBER = {4186137},
	DOI = {10.1112/topo.12163},
	URL = {https://doi.org/10.1112/topo.12163},
}

@book {maclanemoerdijk1994topos,
    AUTHOR = {Mac Lane, Saunders and Moerdijk, Ieke},
     TITLE = {Sheaves in geometry and logic},
    SERIES = {Universitext},
      NOTE = {A first introduction to topos theory,
              Corrected reprint of the 1992 edition},
 PUBLISHER = {Springer-Verlag, New York},
      YEAR = {1994},
     PAGES = {xii+629},
      ISBN = {0-387-97710-4},
   MRCLASS = {03G30 (18B25 54B40)},
  MRNUMBER = {1300636},
MRREVIEWER = {M. Makkai},
}

@book {maclane1998categories,
    AUTHOR = {Mac Lane, Saunders},
     TITLE = {Categories for the working mathematician},
    SERIES = {Graduate Texts in Mathematics},
    VOLUME = {5},
   EDITION = {Second},
 PUBLISHER = {Springer-Verlag, New York},
      YEAR = {1998},
     PAGES = {xii+314},
      ISBN = {0-387-98403-8},
   MRCLASS = {18-02},
  MRNUMBER = {1712872},
}

@book {johnstone2002elephantsii,
    AUTHOR = {Johnstone, Peter T.},
     TITLE = {Sketches of an elephant: a topos theory compendium. {V}ol. 2},
    SERIES = {Oxford Logic Guides},
    VOLUME = {44},
 PUBLISHER = {The Clarendon Press, Oxford University Press, Oxford},
      YEAR = {2002},
     PAGES = {i--xxii, 469--1089 and I1--I71},
      ISBN = {0-19-851598-7},
   MRCLASS = {18B25 (03B15 03G30 18-02 54A05)},
  MRNUMBER = {2063092},
MRREVIEWER = {Colin McLarty},
}

@book {johnstone2002elephanti,
    AUTHOR = {Johnstone, Peter T.},
     TITLE = {Sketches of an elephant: a topos theory compendium. {V}ol. 1},
    SERIES = {Oxford Logic Guides},
    VOLUME = {43},
 PUBLISHER = {The Clarendon Press, Oxford University Press, New York},
      YEAR = {2002},
     PAGES = {xxii+468+71},
      ISBN = {0-19-853425-6},
   MRCLASS = {18B25 (18-02)},
  MRNUMBER = {1953060},
MRREVIEWER = {Colin McLarty},
}

@article {adelmanjohnstone1982serreclasses,
    AUTHOR = {Adelman, M. and Johnstone, P. T.},
     TITLE = {Serre classes for toposes},
   JOURNAL = {Bull. Austral. Math. Soc.},
  FJOURNAL = {Bulletin of the Australian Mathematical Society},
    VOLUME = {25},
      YEAR = {1982},
    NUMBER = {1},
     PAGES = {103--115},
      ISSN = {0004-9727},
   MRCLASS = {18E35 (03G30 18B25)},
  MRNUMBER = {651424},
MRREVIEWER = {Marta C. Bunge},
       DOI = {10.1017/S0004972700005086},
       URL = {https://doi.org/10.1017/S0004972700005086},
}

@article {kazhdanvarshvsky2014yoneda,
    AUTHOR = {Kazhdan, D.  and Varshavski\u{\i}, Ya.},
     TITLE = {The {Y}oneda lemma for complete {S}egal spaces},
   JOURNAL = {Funktsional. Anal. i Prilozhen.},
  FJOURNAL = {Funktsional\cprime ny\u{\i} Analiz i ego Prilozheniya},
    VOLUME = {48},
      YEAR = {2014},
    NUMBER = {2},
     PAGES = {3--38},
      ISSN = {0374-1990},
   MRCLASS = {18G30 (18G55)},
  MRNUMBER = {3288174},
MRREVIEWER = {Svetoslav Zahariev},
       DOI = {10.1007/s10688-014-0050-3},
       URL = {https://doi.org/10.1007/s10688-014-0050-3},
}

@article{dwyersspalinski1995modelcat,
  title={Homotopy theories and model categories},
  author={Dwyer, William G and Spalinski, Jan},
  journal={Handbook of algebraic topology},
  volume={73},
  pages={126},
  year={1995}
}

@incollection {debrito2018leftfibration,
    AUTHOR = {Boavida de Brito, Pedro},
     TITLE = {Segal objects and the {G}rothendieck construction},
 BOOKTITLE = {An alpine bouquet of algebraic topology},
    SERIES = {Contemp. Math.},
    VOLUME = {708},
     PAGES = {19--44},
 PUBLISHER = {Amer. Math. Soc., Providence, RI},
      YEAR = {2018},
   MRCLASS = {55U35 (18G55 55U40)},
  MRNUMBER = {3807750},
MRREVIEWER = {Karol Szumi\l o},
       DOI = {10.1090/conm/708/14271},
       URL = {https://doi.org/10.1090/conm/708/14271},
}

@article {duggerspivak2011rigidification,
    AUTHOR = {Dugger, Daniel and Spivak, David I.},
     TITLE = {Rigidification of quasi-categories},
   JOURNAL = {Algebr. Geom. Topol.},
  FJOURNAL = {Algebraic \& Geometric Topology},
    VOLUME = {11},
      YEAR = {2011},
    NUMBER = {1},
     PAGES = {225--261},
      ISSN = {1472-2747},
   MRCLASS = {55U40 (18G30)},
  MRNUMBER = {2764042},
MRREVIEWER = {G\'{e}rald Gaudens},
       DOI = {10.2140/agt.2011.11.225},
       URL = {https://doi.org/10.2140/agt.2011.11.225},
}

@article {ara2014highersegal,
    AUTHOR = {Ara, Dimitri},
     TITLE = {Higher quasi-categories vs higher {R}ezk spaces},
   JOURNAL = {J. K-Theory},
  FJOURNAL = {Journal of K-Theory. K-Theory and its Applications in Algebra,
              Geometry, Analysis \& Topology},
    VOLUME = {14},
      YEAR = {2014},
    NUMBER = {3},
     PAGES = {701--749},
      ISSN = {1865-2433},
   MRCLASS = {18D05 (18D20 18G55 55U35)},
  MRNUMBER = {3350089},
MRREVIEWER = {Javier J. Guti\'{e}rrez},
       DOI = {10.1017/S1865243315000021},
       URL = {https://doi.org/10.1017/S1865243315000021},
}

@article {toen2005unicity,
    AUTHOR = {To{\"e}n, Bertrand},
     TITLE = {Vers une axiomatisation de la th{\'e}orie des cat{\'e}gories
              sup{\'e}rieures},
   JOURNAL = {$K$-Theory},
  FJOURNAL = {$K$-Theory. An Interdisciplinary Journal for the Development,
              Application, and Influence of $K$-Theory in the Mathematical
              Sciences},
    VOLUME = {34},
      YEAR = {2005},
    NUMBER = {3},
     PAGES = {233--263},
      ISSN = {0920-3036},
   MRCLASS = {55U35 (18D05 18G55)},
  MRNUMBER = {2182378},
MRREVIEWER = {Mamuka Jibladze},
       DOI = {10.1007/s10977-005-4556-6},
       URL = {https://doi.org/10.1007/s10977-005-4556-6},
}

@article {dwyerkan1980simplocalization,
    AUTHOR = {Dwyer, W. G. and Kan, D. M.},
     TITLE = {Simplicial localizations of categories},
   JOURNAL = {J. Pure Appl. Algebra},
  FJOURNAL = {Journal of Pure and Applied Algebra},
    VOLUME = {17},
      YEAR = {1980},
    NUMBER = {3},
     PAGES = {267--284},
      ISSN = {0022-4049},
   MRCLASS = {55U35 (18D20)},
  MRNUMBER = {579087},
MRREVIEWER = {Timothy Porter},
       DOI = {10.1016/0022-4049(80)90049-3},
       URL = {https://doi.org/10.1016/0022-4049(80)90049-3},
}

@article {dwyerkan1980calculatingsimplocalizations,
    AUTHOR = {Dwyer, W. G. and Kan, D. M.},
     TITLE = {Calculating simplicial localizations},
   JOURNAL = {J. Pure Appl. Algebra},
  FJOURNAL = {Journal of Pure and Applied Algebra},
    VOLUME = {18},
      YEAR = {1980},
    NUMBER = {1},
     PAGES = {17--35},
      ISSN = {0022-4049},
   MRCLASS = {55U35 (18D20)},
  MRNUMBER = {578563},
MRREVIEWER = {Timothy Porter},
       DOI = {10.1016/0022-4049(80)90113-9},
       URL = {https://doi.org/10.1016/0022-4049(80)90113-9},
}

@article {heutsmoerdijk2015leftfibrationi,
    AUTHOR = {Heuts, Gijs and Moerdijk, Ieke},
     TITLE = {Left fibrations and homotopy colimits},
   JOURNAL = {Math. Z.},
  FJOURNAL = {Mathematische Zeitschrift},
    VOLUME = {279},
      YEAR = {2015},
    NUMBER = {3-4},
     PAGES = {723--744},
      ISSN = {0025-5874},
   MRCLASS = {18G55 (55U35)},
  MRNUMBER = {3318247},
MRREVIEWER = {J\'{e}r\^{o}me Scherer},
       DOI = {10.1007/s00209-014-1390-7},
       URL = {https://doi.org/10.1007/s00209-014-1390-7},
}

@article{heutsmoerdijk2016leftfibrationii,
	title={Left fibrations and homotopy colimits II},
	author={Heuts, Gijs and Moerdijk, Ieke},
	journal={arXiv preprint},
	year={2016},
	NOTE = {\href{https://arxiv.org/abs/1602.01274v1}{arXiv:1602.01274v1}},
}

@incollection {ayalafrancis2018flagged,
    AUTHOR = {Ayala, David and Francis, John},
     TITLE = {Flagged higher categories},
 BOOKTITLE = {Topology and quantum theory in interaction},
    SERIES = {Contemp. Math.},
    VOLUME = {718},
     PAGES = {137--173},
 PUBLISHER = {Amer. Math. Soc., Providence, RI},
      YEAR = {2018},
   MRCLASS = {55U35 (18A05 18D05 18D20 55P65)},
  MRNUMBER = {3869643},
MRREVIEWER = {Julia Bergner},
       DOI = {10.1090/conm/718/14489},
       URL = {https://doi.org/10.1090/conm/718/14489},
}

@article {ayalafrancis2020fibrations,
	AUTHOR = {Ayala, David and Francis, John},
	TITLE = {Fibrations of {$\infty$}-categories},
	JOURNAL = {High. Struct.},
	FJOURNAL = {Higher Structures},
	VOLUME = {4},
	YEAR = {2020},
	NUMBER = {1},
	PAGES = {168--265},
	MRCLASS = {18N60 (18A22 55P65 55U35)},
	MRNUMBER = {4074276},
	DOI = {10.1007/jhep01(2020)036},
	URL = {https://doi.org/10.1007/jhep01(2020)036},
}

@article {calaquescheimbauer2019cobordism,
    AUTHOR = {Calaque, Damien and Scheimbauer, Claudia},
     TITLE = {A note on the {$(\infty,n)$}-category of cobordisms},
   JOURNAL = {Algebr. Geom. Topol.},
  FJOURNAL = {Algebraic \& Geometric Topology},
    VOLUME = {19},
      YEAR = {2019},
    NUMBER = {2},
     PAGES = {533--655},
      ISSN = {1472-2747},
   MRCLASS = {18D05 (57R56)},
  MRNUMBER = {3924174},
       DOI = {10.2140/agt.2019.19.533},
       URL = {https://doi.org/10.2140/agt.2019.19.533},
}

@article {stevenson2017covariant,
    AUTHOR = {Stevenson, Danny},
     TITLE = {Covariant model structures and simplicial localization},
   JOURNAL = {North-West. Eur. J. Math.},
  FJOURNAL = {North-Western European Journal of Mathematics},
    VOLUME = {3},
      YEAR = {2017},
     PAGES = {141--203},
   MRCLASS = {55U35 (18G30 18G55)},
  MRNUMBER = {3683375},
MRREVIEWER = {Philippe Gaucher},
}

@book{kelly1982enriched,
    AUTHOR = {Kelly, Gregory Maxwell},
     TITLE = {Basic concepts of enriched category theory},
    SERIES = {London Mathematical Society Lecture Note Series},
    VOLUME = {64},
 PUBLISHER = {Cambridge University Press, Cambridge-New York},
      YEAR = {1982},
     PAGES = {245},
      ISBN = {0-521-28702-2},
   MRCLASS = {18-02 (18D20)},
  MRNUMBER = {651714},
MRREVIEWER = {F. E. J. Linton},
}

@article {kelly2005enriched,
	AUTHOR = {Kelly, G. M.},
	TITLE = {Basic concepts of enriched category theory},
	NOTE = {Reprint of the 1982 original [Cambridge Univ. Press,
	Cambridge; MR0651714]},
	JOURNAL = {Repr. Theory Appl. Categ.},
	FJOURNAL = {Reprints in Theory and Applications of Categories},
	NUMBER = {10},
	YEAR = {2005},
	PAGES = {vi+137},
	MRCLASS = {18-02 (00B60 18D10 18D20)},
	MRNUMBER = {2177301},
}

@article {verity2008complicial,
    AUTHOR = {Verity, D. R. B.},
     TITLE = {Weak complicial sets. {I}. {B}asic homotopy theory},
   JOURNAL = {Adv. Math.},
  FJOURNAL = {Advances in Mathematics},
    VOLUME = {219},
      YEAR = {2008},
    NUMBER = {4},
     PAGES = {1081--1149},
      ISSN = {0001-8708},
   MRCLASS = {18G30 (55U10)},
  MRNUMBER = {2450607},
MRREVIEWER = {R. H. Street},
       DOI = {10.1016/j.aim.2008.06.003},
       URL = {https://doi.org/10.1016/j.aim.2008.06.003},
}

@article{dkls2020cubical,
	title={Cubical models of $(\infty,1)$-categories},
	author={Doherty, Brandon and Kapulkin, Krzysztof and Lindsey, Zachery and Sattler, Christian},
	journal={arXiv preprint},
	year={2020},
	NOTE = {\href{https://arxiv.org/abs/2005.04853}{arXiv:2005.04853}},
}

@article{dohertykapulkinmaehara2021comical,
	title={Equivalence of cubical and simplicial approaches to $(\infty,n)$-categories},
	author={Doherty, Brandon and Kapulkin, Krzysztof and Maehara, Yuki},
	journal={arXiv preprint},
	year={2021},
	NOTE = {\href{https://arxiv.org/abs/2106.09428}{arXiv:2106.09428}},
}

@article{campionkapulkinmaehara2020comical,
	title={A cubical model for $(\infty,n)$-categories},
	author={Campion, Timothy and Kapulkin, Krzysztof and Maehara, Yuki},
	journal={arXiv preprint},
	year={2020},
	NOTE = {\href{https://arxiv.org/abs/2005.07603v2}{arXiv:2005.07603v2}},
}

@article{streicher2018fibration,
  title={Fibred categories {\`a} la Jean B{\'e}nabou},
  author={Streicher, Thomas},
  journal={arXiv preprint},
  year={2018},
  NOTE = {\href{https://arxiv.org/abs/1801.02927v11}{arXiv:1801.02927v11}},
}

@book {lambekscott1988higherorderlogic,
    AUTHOR = {Lambek, J. and Scott, P. J.},
     TITLE = {Introduction to higher order categorical logic},
    SERIES = {Cambridge Studies in Advanced Mathematics},
    VOLUME = {7},
      NOTE = {Reprint of the 1986 original},
 PUBLISHER = {Cambridge University Press, Cambridge},
      YEAR = {1988},
     PAGES = {x+293},
      ISBN = {0-521-35653-9},
   MRCLASS = {03B40 (03-02 03B15 03G30 18-02 18B25 18D15)},
  MRNUMBER = {939612},
}

@article {conduche1972fibrations,
    AUTHOR = {Conduch\'{e}, Fran\c{c}ois},
     TITLE = {Au sujet de l'existence d'adjoints \`a droite aux foncteurs
              ``image r\'{e}ciproque'' dans la cat\'{e}gorie des cat\'{e}gories},
   JOURNAL = {C. R. Acad. Sci. Paris S\'{e}r. A-B},
  FJOURNAL = {Comptes Rendus Hebdomadaires des S\'{e}ances de l'Acad\'{e}mie des
              Sciences. S\'{e}ries A et B},
    VOLUME = {275},
      YEAR = {1972},
     PAGES = {A891--A894},
      ISSN = {0151-0509},
   MRCLASS = {18A40 (18F99)},
  MRNUMBER = {310033},
MRREVIEWER = {F. E. J. Linton},
}

@book {boardmanvogt1973qcats,
    AUTHOR = {Boardman, J. M. and Vogt, R. M.},
     TITLE = {Homotopy invariant algebraic structures on topological spaces},
    SERIES = {Lecture Notes in Mathematics, Vol. 347},
 PUBLISHER = {Springer-Verlag, Berlin-New York},
      YEAR = {1973},
     PAGES = {x+257},
   MRCLASS = {55D35},
  MRNUMBER = {0420609},
MRREVIEWER = {J. Stasheff},
}

@article{nguyen2019covariant,
	title={Covariant \& Contravariant Homotopy Theories},
	author={Nguyen, Hoang Kim},
	journal={arXiv preprint},
	year={2019},
	NOTE = {\href{https://arxiv.org/abs/1908.06879v1}{arXiv:1908.06879v1}},
}

@book{reedy1974modelstructure,
    AUTHOR = {Reedy, Christopher Leonard},
     TITLE = {H{OMOLOGY} {OF} {ALGEBRAIC} {THEORIES}},
      NOTE = {Thesis (Ph.D.)--University of California, San Diego},
 PUBLISHER = {ProQuest LLC, Ann Arbor, MI},
      YEAR = {1974},
     PAGES = {52},
   MRCLASS = {Thesis},
  MRNUMBER = {2624278},
       URL =
              {http://gateway.proquest.com/openurl?url_ver=Z39.88-2004&rft_val_fmt=info:ofi/fmt:kev:mtx:dissertation&res_dat=xri:pqdiss&rft_dat=xri:pqdiss:7423973},
}

@article{vergura2019localization,
  title={Localization theory in an $\infty$-topos},
  author={Vergura, Marco},
  journal={arXiv preprint},
  year={2019},
  NOTE = {\href{https://arxiv.org/abs/1907.03836v1}{arXiv:1907.03836v1}},
}

@article {cors2020localization,
    AUTHOR = {Christensen, J. Daniel and Opie, Morgan and Rijke, Egbert and
              Scoccola, Luis},
     TITLE = {Localization in homotopy type theory},
   JOURNAL = {High. Struct.},
  FJOURNAL = {Higher Structures},
    VOLUME = {4},
      YEAR = {2020},
    NUMBER = {1},
     PAGES = {1--32},
   MRCLASS = {18E35 (03B38)},
  MRNUMBER = {4074272},
}

@article{christensensoccola2020hurewicz,
  title={The Hurewicz theorem in Homotopy Type Theory},
  author={Christensen, J Daniel and Scoccola, Luis},
  journal={arXiv preprint arXiv:2007.05833},
  year={2020}
}

@article{brunerie2016homotopy,
  title={On the homotopy groups of spheres in homotopy type theory},
  author={Brunerie, Guillaume},
  journal={arXiv preprint arXiv:1606.05916},
  year={2016}
}

@article{wellen2018cartan,
  title={Cartan Geometry in Modal Homotopy Type Theory},
  author={Wellen, Felix},
  journal={arXiv preprint arXiv:1806.05966},
  year={2018}
}

@article {hochschild1945hh,
	AUTHOR = {Hochschild, G.},
	TITLE = {On the cohomology groups of an associative algebra},
	JOURNAL = {Ann. of Math. (2)},
	FJOURNAL = {Annals of Mathematics. Second Series},
	VOLUME = {46},
	YEAR = {1945},
	PAGES = {58--67},
	ISSN = {0003-486X},
	MRCLASS = {09.1X},
	MRNUMBER = {11076},
	MRREVIEWER = {R. Baer},
	DOI = {10.2307/1969145},
	URL = {https://doi.org/10.2307/1969145},
}

@book {cartaneilenberg1956homologicalalgebra,
	AUTHOR = {Cartan, Henri and Eilenberg, Samuel},
	TITLE = {Homological algebra},
	PUBLISHER = {Princeton University Press, Princeton, N. J.},
	YEAR = {1956},
	PAGES = {xv+390},
	MRCLASS = {09.0X},
	MRNUMBER = {0077480},
	MRREVIEWER = {G. Hochschild},
}

@book {loday1998cyclic,
	AUTHOR = {Loday, Jean-Louis},
	TITLE = {Cyclic homology},
	SERIES = {Grundlehren der Mathematischen Wissenschaften [Fundamental
	Principles of Mathematical Sciences]},
	VOLUME = {301},
	EDITION = {Second},
	NOTE = {Appendix E by Mar\'{\i}a O. Ronco,
	Chapter 13 by the author in collaboration with Teimuraz
	Pirashvili},
	PUBLISHER = {Springer-Verlag, Berlin},
	YEAR = {1998},
	PAGES = {xx+513},
	ISBN = {3-540-63074-0},
	MRCLASS = {16E40 (13D03 17B55 18G60 19D55)},
	MRNUMBER = {1600246},
	DOI = {10.1007/978-3-662-11389-9},
	URL = {https://doi.org/10.1007/978-3-662-11389-9},
}

@incollection {connesmarcolli2008noncommgeometry,
	AUTHOR = {Connes, Alain and Marcolli, Matilde},
	TITLE = {A walk in the noncommutative garden},
	BOOKTITLE = {An invitation to noncommutative geometry},
	PAGES = {1--128},
	PUBLISHER = {World Sci. Publ., Hackensack, NJ},
	YEAR = {2008},
	MRCLASS = {58B34 (11F25 46L87 58J42 81R60)},
	MRNUMBER = {2408150},
	MRREVIEWER = {\'{E}ric Leichtnam},
	DOI = {10.1142/9789812814333\_0001},
	URL = {https://doi.org/10.1142/9789812814333_0001},
}

@inproceedings {waldhausen1979ktheoryii,
	AUTHOR = {Waldhausen, Friedhelm},
	TITLE = {Algebraic {$K$}-theory of topological spaces. {II}},
	BOOKTITLE = {Algebraic topology, {A}arhus 1978 ({P}roc. {S}ympos., {U}niv.
	{A}arhus, {A}arhus, 1978)},
	SERIES = {Lecture Notes in Math.},
	VOLUME = {763},
	PAGES = {356--394},
	PUBLISHER = {Springer, Berlin},
	YEAR = {1979},
	MRCLASS = {18F25 (57Q10 57Q20 57R90)},
	MRNUMBER = {561230},
	MRREVIEWER = {Ross Staffeldt},
}

@inproceedings {waldhausen1978ktheoryi,
	AUTHOR = {Waldhausen, Friedhelm},
	TITLE = {Algebraic {$K$}-theory of topological spaces. {I}},
	BOOKTITLE = {Algebraic and geometric topology ({P}roc. {S}ympos. {P}ure
	{M}ath., {S}tanford {U}niv., {S}tanford, {C}alif., 1976),
	{P}art 1},
	SERIES = {Proc. Sympos. Pure Math., XXXII},
	PAGES = {35--60},
	PUBLISHER = {Amer. Math. Soc., Providence, R.I.},
	YEAR = {1978},
	MRCLASS = {18F25 (57Q10 57Q20 57R90)},
	MRNUMBER = {520492},
	MRREVIEWER = {Ross Staffeldt},
}

@misc{dennis1976ktheory,
	title={Algebraic K-theory and Hochschild homology},
	author={Dennis, K.},
	journal={Unpublished lecture in Algebraic K-theory,	Evanston, IL.},
	year={1976}
}

@misc{bokstedt1985thh,
	title={Topological {H}ochschild homology},
	author={B{\"o}kstedt, M.},
	journal={Preprint Universit{\"a}t Bielefeld.},
	year={1985}
}

@book {ekmm1997stablehomotopy,
	AUTHOR = {Elmendorf, A. D. and Kriz, I. and Mandell, M. A. and May, J.
	P.},
	TITLE = {Rings, modules, and algebras in stable homotopy theory},
	SERIES = {Mathematical Surveys and Monographs},
	VOLUME = {47},
	NOTE = {With an appendix by M. Cole},
	PUBLISHER = {American Mathematical Society, Providence, RI},
	YEAR = {1997},
	PAGES = {xii+249},
	ISBN = {0-8218-0638-6},
	MRCLASS = {55N20 (19D10 19D55 55P42 55T25)},
	MRNUMBER = {1417719},
	MRREVIEWER = {Donald M. Davis},
	DOI = {10.1090/surv/047},
	URL = {https://doi.org/10.1090/surv/047},
}

@incollection {waldhausen1985ktheory,
	AUTHOR = {Waldhausen, Friedhelm},
	TITLE = {Algebraic {$K$}-theory of spaces},
	BOOKTITLE = {Algebraic and geometric topology ({N}ew {B}runswick, {N}.{J}.,
	1983)},
	SERIES = {Lecture Notes in Math.},
	VOLUME = {1126},
	PAGES = {318--419},
	PUBLISHER = {Springer, Berlin},
	YEAR = {1985},
	MRCLASS = {18F25 (19D10 55N15 57Q60)},
	MRNUMBER = {802796},
	MRREVIEWER = {V. P. Snaith},
	DOI = {10.1007/BFb0074449},
	URL = {https://doi.org/10.1007/BFb0074449},
}

@article {mccarthy1994cyclic,
	AUTHOR = {McCarthy, Randy},
	TITLE = {The cyclic homology of an exact category},
	JOURNAL = {J. Pure Appl. Algebra},
	FJOURNAL = {Journal of Pure and Applied Algebra},
	VOLUME = {93},
	YEAR = {1994},
	NUMBER = {3},
	PAGES = {251--296},
	ISSN = {0022-4049},
	MRCLASS = {19D55 (18F25 18G60 19D10)},
	MRNUMBER = {1275967},
	MRREVIEWER = {Dominique Arlettaz},
	DOI = {10.1016/0022-4049(94)90091-4},
	URL = {https://doi.org/10.1016/0022-4049(94)90091-4},
}

@article {keller1999cyclichomology,
	AUTHOR = {Keller, Bernhard},
	TITLE = {On the cyclic homology of exact categories},
	JOURNAL = {J. Pure Appl. Algebra},
	FJOURNAL = {Journal of Pure and Applied Algebra},
	VOLUME = {136},
	YEAR = {1999},
	NUMBER = {1},
	PAGES = {1--56},
	ISSN = {0022-4049},
	MRCLASS = {18G60 (18E10)},
	MRNUMBER = {1667558},
	MRREVIEWER = {Teimuraz Pirashvili},
	DOI = {10.1016/S0022-4049(97)00152-7},
	URL = {https://doi.org/10.1016/S0022-4049(97)00152-7},
}

@article {blumbergmandell2012cyclichomology,
	AUTHOR = {Blumberg, Andrew J. and Mandell, Michael A.},
	TITLE = {Localization theorems in topological {H}ochschild homology and
	topological cyclic homology},
	JOURNAL = {Geom. Topol.},
	FJOURNAL = {Geometry \& Topology},
	VOLUME = {16},
	YEAR = {2012},
	NUMBER = {2},
	PAGES = {1053--1120},
	ISSN = {1465-3060},
	MRCLASS = {19D55 (14F43)},
	MRNUMBER = {2928988},
	MRREVIEWER = {Guillermo Corti\~{n}as},
	DOI = {10.2140/gt.2012.16.1053},
	URL = {https://doi.org/10.2140/gt.2012.16.1053},
}

@article {blumberggepnertabuada2013ktheory,
	AUTHOR = {Blumberg, Andrew J. and Gepner, David and Tabuada, Gon\c{c}alo},
	TITLE = {A universal characterization of higher algebraic {$K$}-theory},
	JOURNAL = {Geom. Topol.},
	FJOURNAL = {Geometry \& Topology},
	VOLUME = {17},
	YEAR = {2013},
	NUMBER = {2},
	PAGES = {733--838},
	ISSN = {1465-3060},
	MRCLASS = {19D10 (18D20 19D25 19D55 55N15 55U40)},
	MRNUMBER = {3070515},
	MRREVIEWER = {Ross Staffeldt},
	DOI = {10.2140/gt.2013.17.733},
	URL = {https://doi.org/10.2140/gt.2013.17.733},
}

@article {blumberggepnertabuada2014ktheory,
	AUTHOR = {Blumberg, Andrew J. and Gepner, David and Tabuada, Gon\c{c}alo},
	TITLE = {Uniqueness of the multiplicative cyclotomic trace},
	JOURNAL = {Adv. Math.},
	FJOURNAL = {Advances in Mathematics},
	VOLUME = {260},
	YEAR = {2014},
	PAGES = {191--232},
	ISSN = {0001-8708},
	MRCLASS = {19D55 (19D23 55N15)},
	MRNUMBER = {3209352},
	MRREVIEWER = {Jeffrey Giansiracusa},
	DOI = {10.1016/j.aim.2014.02.004},
	URL = {https://doi.org/10.1016/j.aim.2014.02.004},
}

@article{bgmn2021ktheory,
	title={K-theory and polynomial functors},
	author={Barwick, Clark and Glasman, Saul and Mathew, Akhil and Nikolaus, Thomas},
	journal={arXiv preprint},
	year={2021},
	NOTE = {\href{https://arxiv.org/abs/2102.00936}{arXiv:2102.00936}},
}

@article {nikolausscholze2019tccorrection,
	AUTHOR = {Nikolaus, Thomas and Scholze, Peter},
	TITLE = {Correction to ``{O}n topological cyclic homology'' [
	{MR}3904731]},
	JOURNAL = {Acta Math.},
	FJOURNAL = {Acta Mathematica},
	VOLUME = {222},
	YEAR = {2019},
	NUMBER = {1},
	PAGES = {215--218},
	ISSN = {0001-5962},
	MRCLASS = {55U35 (16E40 18E30 19D99)},
	MRNUMBER = {3941804},
	DOI = {10.4310/ACTA.2019.v222.n1.a2},
	URL = {https://doi.org/10.4310/ACTA.2019.v222.n1.a2},
}

@article {nikolausscholze2018tc,
	AUTHOR = {Nikolaus, Thomas and Scholze, Peter},
	TITLE = {On topological cyclic homology},
	JOURNAL = {Acta Math.},
	FJOURNAL = {Acta Mathematica},
	VOLUME = {221},
	YEAR = {2018},
	NUMBER = {2},
	PAGES = {203--409},
	ISSN = {0001-5962},
	MRCLASS = {55U35 (16E40 18E30 19D99)},
	MRNUMBER = {3904731},
	MRREVIEWER = {Geoffrey M. L. Powell},
	DOI = {10.4310/ACTA.2018.v221.n2.a1},
	URL = {https://doi.org/10.4310/ACTA.2018.v221.n2.a1},
}

@article {hessshipley2021cothh,
	AUTHOR = {Hess, Kathryn and Shipley, Brooke},
	TITLE = {Invariance properties of co{H}ochschild homology},
	JOURNAL = {J. Pure Appl. Algebra},
	FJOURNAL = {Journal of Pure and Applied Algebra},
	VOLUME = {225},
	YEAR = {2021},
	NUMBER = {2},
	PAGES = {106505, 27},
	ISSN = {0022-4049},
	MRCLASS = {19D55 (16E40 16T15 55P43 55U35)},
	MRNUMBER = {4128640},
	DOI = {10.1016/j.jpaa.2020.106505},
	URL = {https://doi.org/10.1016/j.jpaa.2020.106505},
}

@article {moser2019enrichedproj,
	AUTHOR = {Moser, Lyne},
	TITLE = {Injective and projective model structures on enriched diagram
	categories},
	JOURNAL = {Homology Homotopy Appl.},
	FJOURNAL = {Homology, Homotopy and Applications},
	VOLUME = {21},
	YEAR = {2019},
	NUMBER = {2},
	PAGES = {279--300},
	ISSN = {1532-0073},
	MRCLASS = {18G55 (18D20 55U35)},
	MRNUMBER = {3923784},
	MRREVIEWER = {Philippe Gaucher},
	DOI = {10.4310/HHA.2019.v21.n2.a15},
	URL = {https://doi.org/10.4310/HHA.2019.v21.n2.a15},
}

@article {heller1983injectivemodelerratum,
	AUTHOR = {Heller, Alex},
	TITLE = {Erratum to: ``{H}omotopy in functor categories''},
	JOURNAL = {Trans. Amer. Math. Soc.},
	FJOURNAL = {Transactions of the American Mathematical Society},
	VOLUME = {279},
	YEAR = {1983},
	NUMBER = {1},
	PAGES = {429},
	ISSN = {0002-9947},
	MRCLASS = {55U35 (18A25 18G55)},
	MRNUMBER = {704625},
	DOI = {10.2307/1999394},
	URL = {https://doi.org/10.2307/1999394},
}

@article {heller1982injectivemodel,
	AUTHOR = {Heller, Alex},
	TITLE = {Homotopy in functor categories},
	JOURNAL = {Trans. Amer. Math. Soc.},
	FJOURNAL = {Transactions of the American Mathematical Society},
	VOLUME = {272},
	YEAR = {1982},
	NUMBER = {1},
	PAGES = {185--202},
	ISSN = {0002-9947},
	MRCLASS = {55U35 (18A25 18G55)},
	MRNUMBER = {656485},
	DOI = {10.2307/1998955},
	URL = {https://doi.org/10.2307/1998955},
}

@inproceedings {eilenbergkelly1966closedcat,
	AUTHOR = {Eilenberg, Samuel and Kelly, G. Max},
	TITLE = {Closed categories},
	BOOKTITLE = {Proc. {C}onf. {C}ategorical {A}lgebra ({L}a {J}olla, {C}alif.,
	1965)},
	PAGES = {421--562},
	PUBLISHER = {Springer, New York},
	YEAR = {1966},
	MRCLASS = {18.10},
	MRNUMBER = {0225841},
	MRREVIEWER = {F. E. J. Linton},
}

@article {rezk2002rightproper,
	AUTHOR = {Rezk, Charles},
	TITLE = {Every homotopy theory of simplicial algebras admits a proper
	model},
	JOURNAL = {Topology Appl.},
	FJOURNAL = {Topology and its Applications},
	VOLUME = {119},
	YEAR = {2002},
	NUMBER = {1},
	PAGES = {65--94},
	ISSN = {0166-8641},
	MRCLASS = {55U35 (18G30 18G55)},
	MRNUMBER = {1881711},
	MRREVIEWER = {Pilar C. Carrasco},
	DOI = {10.1016/S0166-8641(01)00057-8},
	URL = {https://doi.org/10.1016/S0166-8641(01)00057-8},
}


@article {hkrs2017induced,
	AUTHOR = {Hess, Kathryn and K\c{e}dziorek, Magdalena and Riehl, Emily and
	Shipley, Brooke},
	TITLE = {A necessary and sufficient condition for induced model
	structures},
	JOURNAL = {J. Topol.},
	FJOURNAL = {Journal of Topology},
	VOLUME = {10},
	YEAR = {2017},
	NUMBER = {2},
	PAGES = {324--369},
	ISSN = {1753-8416},
	MRCLASS = {55U35 (18G55)},
	MRNUMBER = {3653314},
	MRREVIEWER = {J\'{e}r\^{o}me Scherer},
	DOI = {10.1112/topo.12011},
	URL = {https://doi.org/10.1112/topo.12011},
}

@article {bergnerrezk2013elegantreedy,
	AUTHOR = {Bergner, Julia E. and Rezk, Charles},
	TITLE = {Reedy categories and the {$\varTheta$}-construction},
	JOURNAL = {Math. Z.},
	FJOURNAL = {Mathematische Zeitschrift},
	VOLUME = {274},
	YEAR = {2013},
	NUMBER = {1-2},
	PAGES = {499--514},
	ISSN = {0025-5874},
	MRCLASS = {55U35 (18G55 55U10)},
	MRNUMBER = {3054341},
	MRREVIEWER = {J\'{e}r\^{o}me Scherer},
	DOI = {10.1007/s00209-012-1082-0},
	URL = {https://doi.org/10.1007/s00209-012-1082-0},
}

@article{gagnaharpazlanari2020inftytwolimits,
	title={Fibrations and lax limits of $(\infty,2)$-categories},
	author={Gagna, Andrea and Harpaz, Yonatan and Lanari, Edoardo},
	journal={arXiv preprint},
	year={2020},
	NOTE = {\href{https://arxiv.org/abs/2012.04537}{arXiv:2012.04537}},
}

@article{gagnaharpazlanari2021inftytwocartfib,
	title={Cartesian Fibrations of $(\infty,2)$-categories},
	author={Gagna, Andrea and Harpaz, Yonatan and Lanari, Edoardo},
	journal={arXiv preprint},
	year={2021},
	NOTE = {\href{https://arxiv.org/abs/2107.12356}{arXiv:2107.12356}},
}

@article{gagnaharpazlanari2021bilimits,
	title={Bilimits are Bifinal Objects},
	author={Gagna, Andrea and Harpaz, Yonatan and Lanari, Edoardo},
	journal={arXiv preprint},
	year={2021},
	NOTE = {\href{https://arxiv.org/abs/2103.16394}{arXiv:2103.16394}},
}

@article{gagnaharpazlanari2020graytensor,
	title={Gray tensor products and lax functors of $(\infty,2)$-categories},
	author={Gagna, Andrea and Harpaz, Yonatan and Lanari, Edoardo},
	journal={arXiv preprint},
	year={2020},
	NOTE = {\href{https://arxiv.org/abs/2006.14495}{arXiv:2006.14495}},
}

@article{gagnaharpazlanari2019twocat,
	title={On the equivalence of all models for $(\infty,2)$-categories},
	author={Gagna, Andrea and Harpaz, Yonatan and Lanari, Edoardo},
	journal={arXiv preprint},
	year={2019},
	NOTE = {\href{https://arxiv.org/abs/1911.01905}{arXiv:1911.01905}},
}

@article {beardsleywong2019grothendieck,
	AUTHOR = {Beardsley, Jonathan and Wong, Liang Ze},
	TITLE = {The enriched {G}rothendieck construction},
	JOURNAL = {Adv. Math.},
	FJOURNAL = {Advances in Mathematics},
	VOLUME = {344},
	YEAR = {2019},
	PAGES = {234--261},
	ISSN = {0001-8708},
	MRCLASS = {18D20},
	MRNUMBER = {3895649},
	MRREVIEWER = {Luciano Stramaccia},
	DOI = {10.1016/j.aim.2018.12.009},
	URL = {https://doi.org/10.1016/j.aim.2018.12.009},
}

@article{moser2020double,
	title={A double $(\infty,1)$-categorical nerve for double categories},
	author={Moser, Lyne},
	journal={arXiv preprint},
	year={2020},
	NOTE = {\href{https://arxiv.org/abs/2007.01848v3}{arXiv:2007.01848v3}},
}

@article{clingmanmoser2020bipres,
	title={Bi-initial objects and bi-representations are not so different},
	author={clingman, tslil and Moser, Lyne},
	journal={arXiv preprint},
	year={2020},
	NOTE = {\href{https://arxiv.org/abs/2009.05545}{arXiv:2009.05545}},
}


@article {clingmanmoser2022bipres,
	AUTHOR = {clingman, tslil and Moser, Lyne},
	TITLE = {Bi-initial objects and bi-representations are not so
	different},
	JOURNAL = {Cah. Topol. G\'{e}om. Diff\'{e}r. Cat\'{e}g.},
	FJOURNAL = {Cahiers de Topologie et G\'{e}om\'{e}trie Diff\'{e}rentielle
	Cat\'{e}goriques},
	VOLUME = {63},
	YEAR = {2022},
	NUMBER = {3},
	PAGES = {259--330},
	ISSN = {1245-530X,2681-2363},
	MRCLASS = {18N10 (18A05 18A25 18A30 18A40)},
	MRNUMBER = {4552210},
	MRREVIEWER = {Dawei\ Shen},
}

@article{clingmanmoser2020bilim,
	title={2-limits and 2-terminal objects are too different},
	author={clingman, tslil and Moser, Lyne},
	journal={arXiv preprint},
	year={2020},
	NOTE = {\href{https://arxiv.org/abs/2004.01313}{arXiv:2004.01313}},
}

@article {clingmanmoser2022bilim,
	AUTHOR = {clingman, tslil and Moser, Lyne},
	TITLE = {2-limits and 2-terminal objects are too different},
	JOURNAL = {Appl. Categ. Structures},
	FJOURNAL = {Applied Categorical Structures. A Journal Devoted to
	Applications of Categorical Methods in Algebra, Analysis,
	Order, Topology and Computer Science},
	VOLUME = {30},
	YEAR = {2022},
	NUMBER = {6},
	PAGES = {1283--1304},
	ISSN = {0927-2852,1572-9095},
	MRCLASS = {18N10 (18A05 18A25 18A30)},
	MRNUMBER = {4519634},
	MRREVIEWER = {Maximilien\ P\'{e}roux},
	DOI = {10.1007/s10485-022-09691-z},
	URL = {https://doi.org/10.1007/s10485-022-09691-z},
}

@article{mosersarazolaverdugo2020twocatmodel,
	title={A 2Cat-inspired model structure for double categories},
	author={Moser, Lyne and Sarazola, Maru  and Verdugo, Paula},
	journal={arXiv preprint},
	year={2020},
	NOTE = {\href{https://arxiv.org/abs/2004.14233}{arXiv:2004.14233}},
}

@article{mosersarazolaverdugo2020doublecatmodel,
	title={A model structure for weakly horizontally invariant double categories},
	author={Moser, Lyne and Sarazola, Maru  and Verdugo, Paula},
	journal={arXiv preprint},
	year={2020},
	NOTE = {\href{https://arxiv.org/abs/2007.00588}{arXiv:2007.00588}},
}

@article {vasilakopouloumoeller2020monoidalgrothendieck,
	AUTHOR = {Moeller, Joe and Vasilakopoulou, Christina},
	TITLE = {Monoidal {G}rothendieck construction},
	JOURNAL = {Theory Appl. Categ.},
	FJOURNAL = {Theory and Applications of Categories},
	VOLUME = {35},
	YEAR = {2020},
	PAGES = {Paper No. 31, 1159--1207},
	MRCLASS = {18D30 (18M05)},
	MRNUMBER = {4127726},
	MRREVIEWER = {Laurent Poinsot},
}

@article {mazelgee2019cartfib,
	AUTHOR = {Mazel-Gee, Aaron},
	TITLE = {A user's guide to co/cartesian fibrations},
	JOURNAL = {Grad. J. Math.},
	FJOURNAL = {The Graduate Journal of Mathematics},
	VOLUME = {4},
	YEAR = {2019},
	NUMBER = {1},
	PAGES = {42--53},
	MRCLASS = {18D30 (55U35)},
	MRNUMBER = {3999274},
}

@article {mazelgee2019grothendieck,
	AUTHOR = {Mazel-Gee, Aaron},
	TITLE = {On the {G}rothendieck construction for {$\infty$}-categories},
	JOURNAL = {J. Pure Appl. Algebra},
	FJOURNAL = {Journal of Pure and Applied Algebra},
	VOLUME = {223},
	YEAR = {2019},
	NUMBER = {11},
	PAGES = {4602--4651},
	ISSN = {0022-4049},
	MRCLASS = {18A99 (18N40 55U35)},
	MRNUMBER = {3955033},
	MRREVIEWER = {Julia Bergner},
	DOI = {10.1016/j.jpaa.2019.02.007},
	URL = {https://doi.org/10.1016/j.jpaa.2019.02.007},
}

@article{buchholtzweinberger2021cartesianfibhott,
	title={Synthetic fibered $(\infty,1)$-category theory},
	author={Buchholtz, Ulrik and Weinberger, Jonathan},
	journal={arXiv preprint},
	year={2021},
	NOTE = {\href{https://arxiv.org/abs/2105.01724}{arXiv:2105.01724}},
}

@article {buchholtzweinberger2023cartesianfibhott,
	AUTHOR = {Buchholtz, Ulrik and Weinberger, Jonathan},
	TITLE = {Synthetic fibered {$(\infty,1)$}-category theory},
	JOURNAL = {High. Struct.},
	FJOURNAL = {Higher Structures},
	VOLUME = {7},
	YEAR = {2023},
	NUMBER = {1},
	PAGES = {74--165},
	ISSN = {2209-0606},
	MRCLASS = {03B38 (18D30 18D40 18D70 18N45 18N55 18N60 55U35)},
	MRNUMBER = {4600458},
}

@article{garcia2020markedcolimits,
	title={Marked colimits and higher cofinality},
	author={Abell\'{a}n Garc\'{\i}a, Fernando},
	journal={arXiv preprint},
	year={2020},
	NOTE = {\href{https://arxiv.org/abs/2006.12416}{arXiv:2006.12416}},
}

@article{garciastern2020theorema,
	title={Theorem A for marked $2$-categories},
	author={Abell\'{a}n Garc\'{\i}a, Fernando and Stern, Walker H.},
	journal={arXiv preprint},
	year={2020},
	NOTE = {\href{https://arxiv.org/abs/2002.12817}{arXiv:2002.12817}},
}

@article{garciastern2020twistedarrow,
	title={Enhanced twisted arrow categories},
	author={Abell\'{a}n Garc\'{\i}a, Fernando and Stern, Walker H.},
	journal={arXiv preprint},
	year={2020},
	NOTE = {\href{https://arxiv.org/abs/2009.11969}{arXiv:2009.11969}},
}

@article{garciastern2021twocat,
	title={2-Cartesian fibrations I: A model for $\infty$-bicategories fibred in $\infty$-bicategories},
	author={Abell\'{a}n Garc\'{\i}a, Fernando and Stern, Walker H.},
	journal={arXiv preprint},
	year={2021},
	NOTE = {\href{https://arxiv.org/abs/2106.03606}{arXiv:2106.03606}},
}

@article{bergnerrovelliozornova2021comparisonthetatwo,
	title={An explicit comparison between $2$-complicial sets and $\Theta_2$-spaces},
	author={Bergner, Julia E. and Ozornova, Viktoriya and Rovelli, Martina},
	journal={arXiv preprint},
	year={2021},
	NOTE = {\href{https://arxiv.org/abs/2104.13292}{arXiv:2104.13292}},
}

@article{stenzel2020comprehension,
	title={$(\infty, 1) $-Categorical Comprehension Schemes},
	author={Stenzel, Raffael},
	journal={arXiv preprint},
	year={2020},
	NOTE = {\href{https://arxiv.org/abs/2010.09663v1}{arXiv:2010.09663v1}},
}

@article{stenzel2019univalence,
	title={Univalence and completeness of {S}egal objects},
	author = {Stenzel, Raffael},	
	journal={arXiv preprint},
	year={2019},
	NOTE = {\href{https://arxiv.org/abs/1911.06640v2}{arXiv:1911.06640v2}},
}

@article {stenzel2023univalence,
	AUTHOR = {Stenzel, Raffael},
	TITLE = {Univalence and completeness of {S}egal objects},
	JOURNAL = {J. Pure Appl. Algebra},
	FJOURNAL = {Journal of Pure and Applied Algebra},
	VOLUME = {227},
	YEAR = {2023},
	NUMBER = {4},
	PAGES = {Paper No. 107254, 47},
	ISSN = {0022-4049,1873-1376},
	MRCLASS = {18N45 (18C50 18N50 18N60 55U35)},
	MRNUMBER = {4510804},
	DOI = {10.1016/j.jpaa.2022.107254},
	URL = {https://doi.org/10.1016/j.jpaa.2022.107254},
}

@article {mathewstojanoska2016tmf,
	AUTHOR = {Mathew, Akhil and Stojanoska, Vesna},
	TITLE = {The {P}icard group of topological modular forms via descent
	theory},
	JOURNAL = {Geom. Topol.},
	FJOURNAL = {Geometry \& Topology},
	VOLUME = {20},
	YEAR = {2016},
	NUMBER = {6},
	PAGES = {3133--3217},
	ISSN = {1465-3060},
	MRCLASS = {55P43 (14C22 55N34 55P47 55S35)},
	MRNUMBER = {3590352},
	MRREVIEWER = {Lennart Meier},
	DOI = {10.2140/gt.2016.20.3133},
	URL = {https://doi.org/10.2140/gt.2016.20.3133},
}

@book {grothendieck2003etalegroup,
	TITLE = {Rev\^{e}tements \'{e}tales et groupe fondamental ({SGA} 1)},
	SERIES = {Documents Math\'{e}matiques (Paris) [Mathematical Documents
	(Paris)]},
	VOLUME = {3},
	NOTE = {S\'{e}minaire de g\'{e}om\'{e}trie alg\'{e}brique du Bois Marie 1960--61.
	[Algebraic Geometry Seminar of Bois Marie 1960-61],
	Directed by A. {G}rothendieck,
	With two papers by M. Raynaud,
	Updated and annotated reprint of the 1971 original [Lecture
	Notes in Math., 224, Springer, Berlin;  MR0354651 (50
	\#7129)]},
	PUBLISHER = {Soci\'{e}t\'{e} Math\'{e}matique de France, Paris},
	YEAR = {2003},
	PAGES = {xviii+327},
	ISBN = {2-85629-141-4},
	MRCLASS = {14E20 (14-06 14F35)},
	MRNUMBER = {2017446},
}

@book {grothendieck1963sga,
	AUTHOR = {Grothendieck, Alexander},
	TITLE = {Rev\^{e}tements \'{e}tales et groupe fondamental. {F}asc.
	{II}: {E}xpos\'{e}s 6, 8 \`a 11},
	NOTE = {Troisi\`eme \'{e}dition, corrig\'{e}e,
	S\'{e}minaire de G\'{e}om\'{e}trie Alg\'{e}brique, 1960/61},
	PUBLISHER = {Institut des Hautes \'{E}tudes Scientifiques, Paris},
	YEAR = {1963},
	PAGES = {i+163 pp. (not consecutively paged) (loose errata)},
	MRCLASS = {14.55},
	MRNUMBER = {217088},
	MRREVIEWER = {T.\ Oda},
}


@inproceedings {kellyross1974twocat,
	AUTHOR = {Kelly, G. M. and Street, Ross},
	TITLE = {Review of the elements of {$2$}-categories},
	BOOKTITLE = {Category {S}eminar ({P}roc. {S}em., {S}ydney, 1972/1973)},
	PAGES = {75--103. Lecture Notes in Math., Vol. 420},
	YEAR = {1974},
	MRCLASS = {18D05},
	MRNUMBER = {0357542},
	MRREVIEWER = {E. G. Manes},
}

@book {gaitsgoryrozenblyum2017dagII,
	AUTHOR = {Gaitsgory, Dennis and Rozenblyum, Nick},
	TITLE = {A study in derived algebraic geometry. {V}ol. {II}.
	{D}eformations, {L}ie theory and formal geometry},
	SERIES = {Mathematical Surveys and Monographs},
	VOLUME = {221},
	PUBLISHER = {American Mathematical Society, Providence, RI},
	YEAR = {2017},
	PAGES = {xxxv+436},
	ISBN = {978-1-4704-3570-7},
	MRCLASS = {14F05 (18D05 18G55)},
	MRNUMBER = {3701353},
	MRREVIEWER = {Adrian Langer},
	DOI = {10.1090/surv/221.2},
	URL = {https://doi.org/10.1090/surv/221.2},
}

@book {gaitsgoryrozenblyum2017dagI,
	AUTHOR = {Gaitsgory, Dennis and Rozenblyum, Nick},
	TITLE = {A study in derived algebraic geometry. {V}ol. {I}.
	{C}orrespondences and duality},
	SERIES = {Mathematical Surveys and Monographs},
	VOLUME = {221},
	PUBLISHER = {American Mathematical Society, Providence, RI},
	YEAR = {2017},
	PAGES = {xl+533pp},
	ISBN = {978-1-4704-3569-1},
	MRCLASS = {14F05 (18D05 18G55)},
	MRNUMBER = {3701352},
	MRREVIEWER = {Adrian Langer},
	DOI = {10.1090/surv/221.1},
	URL = {https://doi.org/10.1090/surv/221.1},
}

@article{hirschowitzsimpson1998segalcat,
	title={Descente pour les n-champs (Descent for n-stacks)},
	author={Hirschowitz, Andr{\'e} and Simpson, Carlos},
	journal={arXiv preprint},
	year={1998},
	NOTE = {\href{https://arxiv.org/abs/math/9807049}{arXiv:9807049}},
}

@incollection {stolzteichner2011fieldtheory,
	AUTHOR = {Stolz, Stephan and Teichner, Peter},
	TITLE = {Supersymmetric field theories and generalized cohomology},
	BOOKTITLE = {Mathematical foundations of quantum field theory and
	perturbative string theory},
	SERIES = {Proc. Sympos. Pure Math.},
	VOLUME = {83},
	PAGES = {279--340},
	PUBLISHER = {Amer. Math. Soc., Providence, RI},
	YEAR = {2011},
	MRCLASS = {55N20 (11F23 18D10 55N34 57R56 81T60)},
	MRNUMBER = {2742432},
	MRREVIEWER = {Theo Johnson-Freyd},
	DOI = {10.1090/pspum/083/2742432},
	URL = {https://doi.org/10.1090/pspum/083/2742432},
}

@article {witten1988tqft,
	AUTHOR = {Witten, Edward},
	TITLE = {Topological quantum field theory},
	JOURNAL = {Comm. Math. Phys.},
	FJOURNAL = {Communications in Mathematical Physics},
	VOLUME = {117},
	YEAR = {1988},
	NUMBER = {3},
	PAGES = {353--386},
	ISSN = {0010-3616},
	MRCLASS = {57R55 (58A10 58F30 58G30 81E99)},
	MRNUMBER = {953828},
	MRREVIEWER = {Daniel S. Freed},
	URL = {http://projecteuclid.org/euclid.cmp/1104161738},
}


@article {freedhopkins2021invtft,
	AUTHOR = {Freed, Daniel S. and Hopkins, Michael J.},
	TITLE = {Reflection positivity and invertible topological phases},
	JOURNAL = {Geom. Topol.},
	FJOURNAL = {Geometry \& Topology},
	VOLUME = {25},
	YEAR = {2021},
	NUMBER = {3},
	PAGES = {1165--1330},
	ISSN = {1465-3060},
	MRCLASS = {81T45 (55N22 57R90 81T50 82D03)},
	MRNUMBER = {4268163},
	DOI = {10.2140/gt.2021.25.1165},
	URL = {https://doi.org/10.2140/gt.2021.25.1165},
}

@article {baezdolan1995tqft,
	AUTHOR = {Baez, John C. and Dolan, James},
	TITLE = {Higher-dimensional algebra and topological quantum field
	theory},
	JOURNAL = {J. Math. Phys.},
	FJOURNAL = {Journal of Mathematical Physics},
	VOLUME = {36},
	YEAR = {1995},
	NUMBER = {11},
	PAGES = {6073--6105},
	ISSN = {0022-2488},
	MRCLASS = {18D05 (55P42 57R57)},
	MRNUMBER = {1355899},
	DOI = {10.1063/1.531236},
	URL = {https://doi.org/10.1063/1.531236},
}

@article {mmst2020tqft,
	AUTHOR = {Mathieu, Philippe and Murray, Laura and Schenkel, Alexander
	and Teh, Nicholas J.},
	TITLE = {Homological perspective on edge modes in linear {Y}ang-{M}ills
	and {C}hern-{S}imons theory},
	JOURNAL = {Lett. Math. Phys.},
	FJOURNAL = {Letters in Mathematical Physics},
	VOLUME = {110},
	YEAR = {2020},
	NUMBER = {7},
	PAGES = {1559--1584},
	ISSN = {0377-9017},
	MRCLASS = {70S15 (18G35)},
	MRNUMBER = {4114381},
	MRREVIEWER = {Vladislav G. Kupriyanov},
	DOI = {10.1007/s11005-020-01269-x},
	URL = {https://doi.org/10.1007/s11005-020-01269-x},
}

@article {freedhopkins2021invtft,
	AUTHOR = {Freed, Daniel S. and Hopkins, Michael J.},
	TITLE = {Reflection positivity and invertible topological phases},
	JOURNAL = {Geom. Topol.},
	FJOURNAL = {Geometry \& Topology},
	VOLUME = {25},
	YEAR = {2021},
	NUMBER = {3},
	PAGES = {1165--1330},
	ISSN = {1465-3060},
	MRCLASS = {81T45 (55N22 57R90 81T50 82D03)},
	MRNUMBER = {4268163},
	DOI = {10.2140/gt.2021.25.1165},
	URL = {https://doi.org/10.2140/gt.2021.25.1165},
}

@book {turaev2010tft,
	AUTHOR = {Turaev, Vladimir G.},
	TITLE = {Quantum invariants of knots and 3-manifolds},
	SERIES = {De Gruyter Studies in Mathematics},
	VOLUME = {18},
	EDITION = {revised},
	PUBLISHER = {Walter de Gruyter \& Co., Berlin},
	YEAR = {2010},
	PAGES = {xii+592},
	ISBN = {978-3-11-022183-1},
	MRCLASS = {57M27 (57M25 57N10 57R56)},
	MRNUMBER = {2654259},
	DOI = {10.1515/9783110221848},
	URL = {https://doi.org/10.1515/9783110221848},
}

@book {dyckerhoffkapranov2019higherset,
	AUTHOR = {Dyckerhoff, Tobias and Kapranov, Mikhail},
	TITLE = {Higher {S}egal spaces},
	SERIES = {Lecture Notes in Mathematics},
	VOLUME = {2244},
	PUBLISHER = {Springer, Cham},
	YEAR = {2019},
	PAGES = {xv+218},
	ISBN = {978-3-030-27122-0; 978-3-030-27124-4},
	MRCLASS = {55U35 (05E05 05E10 18G30 19D10 55U10)},
	MRNUMBER = {3970975},
	DOI = {10.1007/978-3-030-27124-4},
	URL = {https://doi.org/10.1007/978-3-030-27124-4},
}

@article{riehl2018jmm,
	title={On the directed univalence axiom},
	author={Riehl, Emily},
	year={2018},
	journal={Talk at the JMM},
	note = {\href{https://math.jhu.edu/~eriehl/JMM2018-directed-univalence.pdf}{Slides available online}}
}

@article {weber2007twotopos,
	AUTHOR = {Weber, Mark},
	TITLE = {Yoneda structures from 2-toposes},
	JOURNAL = {Appl. Categ. Structures},
	FJOURNAL = {Applied Categorical Structures. A Journal Devoted to
	Applications of Categorical Methods in Algebra, Analysis,
	Order, Topology and Computer Science},
	VOLUME = {15},
	YEAR = {2007},
	NUMBER = {3},
	PAGES = {259--323},
	ISSN = {0927-2852},
	MRCLASS = {18A05 (18A15 18B25 18D05)},
	MRNUMBER = {2320763},
	MRREVIEWER = {Stephen Lack},
	DOI = {10.1007/s10485-007-9079-2},
	URL = {https://doi.org/10.1007/s10485-007-9079-2},
}

@article{calaquehaugsengscheimbauer2019aksz,
	title={The AKSZ Construction in Derived Algebraic Geometry as an Extended Topological Field Theory},
	author = {Calaque, Damien and Haugseng, Rune and Scheimbauer, Claudia},	
	journal={arXiv preprint},
	year={2021},
	NOTE = {\href{https://arxiv.org/abs/2108.02473}{arXiv:2108.02473}},
}

@article{joyal1997disks,
	title={Disks, duality and $\Theta$-categories},
	author={Joyal, Andr{\'e}},
	journal={preprint},
	NOTE = {\href{https://ncatlab.org/nlab/files/JoyalThetaCategories.pdf}{Can be found online}},
	year={1997}
}

@article {hinich2020enrichedyoneda,
	AUTHOR = {Hinich, Vladimir},
	TITLE = {Yoneda lemma for enriched {$\infty$}-categories},
	JOURNAL = {Adv. Math.},
	FJOURNAL = {Advances in Mathematics},
	VOLUME = {367},
	YEAR = {2020},
	PAGES = {107129, 119},
	ISSN = {0001-8708},
	MRCLASS = {18D20 (18M05)},
	MRNUMBER = {4080581},
	MRREVIEWER = {Luciano Stramaccia},
	DOI = {10.1016/j.aim.2020.107129},
	URL = {https://doi.org/10.1016/j.aim.2020.107129},
}

@article{berman2020enrichedpresheaves,
	title={Enriched infinity categories I: enriched presheaves},
	author = {Berman, John D},	
	journal={arXiv preprint},
	year={2020},
	NOTE = {\href{https://arxiv.org/abs/2008.11323}{arXiv:2008.11323}},
}

@article{berman2020laxlimits,
	title={On lax limits in infinity categories},
	author = {Berman, John D},	
	journal={arXiv preprint},
	year={2020},
	NOTE = {\href{https://arxiv.org/abs/2006.10851}{arXiv:2006.10851}},
}

@article {harpaznuitenprasma2019twisted,
	AUTHOR = {Harpaz, Yonatan and Nuiten, Joost and Prasma, Matan},
	TITLE = {Quillen cohomology of {$(\infty,2)$}-categories},
	JOURNAL = {High. Struct.},
	FJOURNAL = {Higher Structures},
	VOLUME = {3},
	YEAR = {2019},
	NUMBER = {1},
	PAGES = {17--66},
	MRCLASS = {55P42 (18D05 55S35 55T25)},
	MRNUMBER = {3939045},
	MRREVIEWER = {Birgit Richter},
}

@article {lawvere1964elementarysets,
	AUTHOR = {Lawvere, F. William},
	TITLE = {An elementary theory of the category of sets},
	JOURNAL = {Proc. Nat. Acad. Sci. U.S.A.},
	FJOURNAL = {Proceedings of the National Academy of Sciences of the United
	States of America},
	VOLUME = {52},
	YEAR = {1964},
	PAGES = {1506--1511},
	ISSN = {0027-8424},
	MRCLASS = {04.99 (18.10)},
	MRNUMBER = {172807},
	MRREVIEWER = {A. Heller},
	DOI = {10.1073/pnas.52.6.1506},
	URL = {https://doi.org/10.1073/pnas.52.6.1506},
}

@incollection {tierney1973elementarytopos,
	AUTHOR = {Tierney, M.},
	TITLE = {Axiomatic sheaf theory: some constructions and applications},
	BOOKTITLE = {Categories and commutative algebra ({C}.{I}.{M}.{E}., {III}
	{C}iclo, {V}arenna, 1971)},
	PAGES = {249--326},
	YEAR = {1973},
	MRCLASS = {18A15 (02K15)},
	MRNUMBER = {0354800},
	MRREVIEWER = {M. L. Laplaza},
}

@incollection {tierney1972elementarycontinuum,
	AUTHOR = {Tierney, Myles},
	TITLE = {Sheaf theory and the continuum hypothesis},
	BOOKTITLE = {Toposes, algebraic geometry and logic ({C}onf., {D}alhousie
	{U}niv., {H}alifax, {N}.{S}., 1971)},
	PAGES = {13--42. Lecture Notes in Math., Vol. 274},
	YEAR = {1972},
	MRCLASS = {02K05 (18B05)},
	MRNUMBER = {0373888},
	MRREVIEWER = {Andreas Blass},
}

@book {sga1972tome1,
	TITLE = {Th\'{e}orie des topos et cohomologie \'{e}tale des sch\'{e}mas. {T}ome 1:
	{T}h\'{e}orie des topos},
	SERIES = {Lecture Notes in Mathematics, Vol. 269},
	NOTE = {S\'{e}minaire de G\'{e}om\'{e}trie Alg\'{e}brique du Bois-Marie 1963--1964
	(SGA 4),
	Dirig\'{e} par M. Artin, A. Grothendieck, et J. L. Verdier. Avec
	la collaboration de N. Bourbaki, P. Deligne et B. Saint-Donat},
	PUBLISHER = {Springer-Verlag, Berlin-New York},
	YEAR = {1972},
	PAGES = {xix+525},
	MRCLASS = {14-06},
	MRNUMBER = {0354652},
}

@article {basterramandell2005taq,
	AUTHOR = {Basterra, Maria and Mandell, Michael A.},
	TITLE = {Homology and cohomology of {$E_\infty$} ring spectra},
	JOURNAL = {Math. Z.},
	FJOURNAL = {Mathematische Zeitschrift},
	VOLUME = {249},
	YEAR = {2005},
	NUMBER = {4},
	PAGES = {903--944},
	ISSN = {0025-5874},
	MRCLASS = {55P43 (55P48 55U35)},
	MRNUMBER = {2126222},
	MRREVIEWER = {Birgit Richter},
	URL = {https://doi.org/10.1007/s00209-004-0744-y},
}

@article {schlichtkrull2009thom,
	AUTHOR = {Schlichtkrull, Christian},
	TITLE = {Thom spectra that are symmetric spectra},
	JOURNAL = {Doc. Math.},
	FJOURNAL = {Documenta Mathematica},
	VOLUME = {14},
	YEAR = {2009},
	PAGES = {699--748},
	ISSN = {1431-0635},
	MRCLASS = {55P43},
	MRNUMBER = {2578805},
	MRREVIEWER = {Jo\~ao Paulo Santos},
}

@article {stonek2020thhku,
	AUTHOR = {Stonek, Bruno},
	TITLE = {Higher topological {H}ochschild homology of periodic complex
	{K}-theory},
	JOURNAL = {Topology Appl.},
	FJOURNAL = {Topology and its Applications},
	VOLUME = {282},
	YEAR = {2020},
	PAGES = {107302, 43},
	ISSN = {0166-8641},
	MRCLASS = {55P43 (16E40 19L99)},
	MRNUMBER = {4116834},
	DOI = {10.1016/j.topol.2020.107302},
	URL = {https://doi.org/10.1016/j.topol.2020.107302},
}

@article {abghr2014infty,
	AUTHOR = {Ando, Matthew and Blumberg, Andrew J. and Gepner, David and
	Hopkins, Michael J. and Rezk, Charles},
	TITLE = {An {$\infty$}-categorical approach to {$R$}-line bundles,
	{$R$}-module {T}hom spectra, and twisted {$R$}-homology},
	JOURNAL = {J. Topol.},
	FJOURNAL = {Journal of Topology},
	VOLUME = {7},
	YEAR = {2014},
	NUMBER = {3},
	PAGES = {869--893},
	ISSN = {1753-8416},
	MRCLASS = {55P43 (55N20 55U40)},
	MRNUMBER = {3252967},
	MRREVIEWER = {Tyler D. Lawson},
	DOI = {10.1112/jtopol/jtt035},
	URL = {https://doi.org/10.1112/jtopol/jtt035},
}

@article {abg2018thom,
	AUTHOR = {Ando, Matthew and Blumberg, Andrew J. and Gepner, David},
	TITLE = {Parametrized spectra, multiplicative {T}hom spectra and the
	twisted {U}mkehr map},
	JOURNAL = {Geom. Topol.},
	FJOURNAL = {Geometry \& Topology},
	VOLUME = {22},
	YEAR = {2018},
	NUMBER = {7},
	PAGES = {3761--3825},
	ISSN = {1465-3060},
	MRCLASS = {55P43 (55R70)},
	MRNUMBER = {3890766},
	DOI = {10.2140/gt.2018.22.3761},
	URL = {https://doi.org/10.2140/gt.2018.22.3761},
}

@article {antolinbarthel2019thom,
	AUTHOR = {Antol\'{\i}n-Camarena, Omar and Barthel, Tobias},
	TITLE = {A simple universal property of {T}hom ring spectra},
	JOURNAL = {J. Topol.},
	FJOURNAL = {Journal of Topology},
	VOLUME = {12},
	YEAR = {2019},
	NUMBER = {1},
	PAGES = {56--78},
	ISSN = {1753-8416},
	MRCLASS = {55P42 (55P43 55P48)},
	MRNUMBER = {3875978},
	DOI = {10.1112/topo.12084},
	URL = {https://doi.org/10.1112/topo.12084},
}

@book {andre1967taq, 
	AUTHOR = {Andr\'{e}, Michel}, 
	TITLE = {M\'{e}thode simpliciale en alg\`ebre homologique et alg\`ebre 
	commutative}, 
	SERIES = {Lecture Notes in Mathematics, Vol. 32}, 
	PUBLISHER = {Springer-Verlag, Berlin-New York}, 
	YEAR = {1967}, 
	PAGES = {iii+122}, 
	MRCLASS = {18.20 (13.00)}, 
	MRNUMBER = {0214644}, 
	MRREVIEWER = {D. W. Knudson}, 
} 

@incollection {quillen1973ktheory,
	AUTHOR = {Quillen, Daniel},
	TITLE = {Higher algebraic {$K$}-theory. {I}},
	BOOKTITLE = {Algebraic {$K$}-theory, {I}: {H}igher {$K$}-theories ({P}roc.
	{C}onf., {B}attelle {M}emorial {I}nst., {S}eattle, {W}ash.,
	1972)},
	PAGES = {85--147. Lecture Notes in Math., Vol. 341},
	PUBLISHER = {Springer, Berlin},
	YEAR = {1973},
	MRCLASS = {18F25},
	MRNUMBER = {0338129 (49 \#2895)},
	MRREVIEWER = {Stephen M. Gersten},
}

@incollection {quillen1970cohomology,
	AUTHOR = {Quillen, Daniel},
	TITLE = {On the (co-) homology of commutative rings},
	BOOKTITLE = {Applications of {C}ategorical {A}lgebra ({P}roc. {S}ympos.
	{P}ure {M}ath., {V}ol. {XVII}, {N}ew {Y}ork, 1968)},
	PAGES = {65--87},
	PUBLISHER = {Amer. Math. Soc., Providence, R.I.},
	YEAR = {1970},
	MRCLASS = {13.90 (18.00)},
	MRNUMBER = {0257068},
	MRREVIEWER = {S. Yuan},
}

@article {blumbergmandell2012thh,
	AUTHOR = {Blumberg, Andrew J. and Mandell, Michael A.},
	TITLE = {Localization theorems in topological {H}ochschild homology and
	topological cyclic homology},
	JOURNAL = {Geom. Topol.},
	FJOURNAL = {Geometry \& Topology},
	VOLUME = {16},
	YEAR = {2012},
	NUMBER = {2},
	PAGES = {1053--1120},
	ISSN = {1465-3060},
	MRCLASS = {19D55 (14F43)},
	MRNUMBER = {2928988},
	MRREVIEWER = {Guillermo Corti\~{n}as},
	DOI = {10.2140/gt.2012.16.1053},
	URL = {https://doi.org/10.2140/gt.2012.16.1053},
}

@article {ponto2010shadow,
	AUTHOR = {Ponto, Kate},
	TITLE = {Fixed point theory and trace for bicategories},
	JOURNAL = {Ast\'{e}risque},
	FJOURNAL = {Ast\'{e}risque},
	NUMBER = {333},
	YEAR = {2010},
	PAGES = {xii+102},
	ISSN = {0303-1179},
	ISBN = {978-2-85629-293-8},
	MRCLASS = {55M20 (16D90 18D05)},
	MRNUMBER = {2741967},
	MRREVIEWER = {R. H. Street},
}

@article {campbellponto2019thh,
	AUTHOR = {Campbell, Jonathan A. and Ponto, Kate},
	TITLE = {Topological {H}ochschild homology and higher characteristics},
	JOURNAL = {Algebr. Geom. Topol.},
	FJOURNAL = {Algebraic \& Geometric Topology},
	VOLUME = {19},
	YEAR = {2019},
	NUMBER = {2},
	PAGES = {965--1017},
	ISSN = {1472-2747},
	MRCLASS = {16D90 (18D05 19D55 55M20 55R12)},
	MRNUMBER = {3924181},
	MRREVIEWER = {Andrew J. Baker},
	DOI = {10.2140/agt.2019.19.965},
	URL = {https://doi.org/10.2140/agt.2019.19.965},
}


@article {berman2022thh,
	AUTHOR = {Berman, John D.},
	TITLE = {T{HH} and traces of enriched categories},
	JOURNAL = {Int. Math. Res. Not. IMRN},
	FJOURNAL = {International Mathematics Research Notices. IMRN},
	YEAR = {2022},
	NUMBER = {4},
	PAGES = {3074--3105},
	ISSN = {1073-7928},
	MRCLASS = {18D20 (18N99)},
	MRNUMBER = {4381940},
	MRREVIEWER = {Celestin Nkuimi-Jugnia},
	DOI = {10.1093/imrn/rnaa238},
	URL = {https://doi.org/10.1093/imrn/rnaa238},
}

@article {gepnerhaugseng2015enriched,
	AUTHOR = {Gepner, David and Haugseng, Rune},
	TITLE = {Enriched {$\infty$}-categories via non-symmetric
	{$\infty$}-operads},
	JOURNAL = {Adv. Math.},
	FJOURNAL = {Advances in Mathematics},
	VOLUME = {279},
	YEAR = {2015},
	PAGES = {575--716},
	ISSN = {0001-8708},
	MRCLASS = {18D20 (18D10 18D50)},
	MRNUMBER = {3345192},
	MRREVIEWER = {Christopher L. Rogers},
	DOI = {10.1016/j.aim.2015.02.007},
	URL = {https://doi.org/10.1016/j.aim.2015.02.007},
}

@article {perouxshipley2019coalgebras,
	AUTHOR = {P\'{e}roux, Maximilien and Shipley, Brooke},
	TITLE = {Coalgebras in symmetric monoidal categories of spectra},
	JOURNAL = {Homology Homotopy Appl.},
	FJOURNAL = {Homology, Homotopy and Applications},
	VOLUME = {21},
	YEAR = {2019},
	NUMBER = {1},
	PAGES = {1--18},
	ISSN = {1532-0073},
	MRCLASS = {55P43 (16T15 18D10 55P42)},
	MRNUMBER = {3852287},
	MRREVIEWER = {Birgit Richter},
	DOI = {10.4310/HHA.2019.v21.n1.a1},
	URL = {https://doi.org/10.4310/HHA.2019.v21.n1.a1},
}

@article {schanuelstreet1986freeadj,
	AUTHOR = {Schanuel, Stephen and Street, Ross},
	TITLE = {The free adjunction},
	JOURNAL = {Cahiers Topologie G\'{e}om. Diff\'{e}rentielle Cat\'{e}g.},
	FJOURNAL = {Cahiers de Topologie et G\'{e}om\'{e}trie Diff\'{e}rentielle Cat\'{e}goriques},
	VOLUME = {27},
	YEAR = {1986},
	NUMBER = {1},
	PAGES = {81--83},
	ISSN = {0008-0004},
	MRCLASS = {18D05 (18A40)},
	MRNUMBER = {845410},
}

@article {lack2004quillenbicat,
	AUTHOR = {Lack, Stephen},
	TITLE = {A {Q}uillen model structure for bicategories},
	JOURNAL = {$K$-Theory},
	FJOURNAL = {$K$-Theory. An Interdisciplinary Journal for the Development,
	Application, and Influence of $K$-Theory in the Mathematical
	Sciences},
	VOLUME = {33},
	YEAR = {2004},
	NUMBER = {3},
	PAGES = {185--197},
	ISSN = {0920-3036},
	MRCLASS = {55U35 (18D05 18D15 18G55)},
	MRNUMBER = {2138540},
	MRREVIEWER = {J\v{i}r\'{\i} Rosick\'{y}},
	DOI = {10.1007/s10977-004-6757-9},
	URL = {https://doi.org/10.1007/s10977-004-6757-9},
}

@article {lack2002quillentwocat,
	AUTHOR = {Lack, Stephen},
	TITLE = {A {Q}uillen model structure for 2-categories},
	JOURNAL = {$K$-Theory},
	FJOURNAL = {$K$-Theory. An Interdisciplinary Journal for the Development,
	Application, and Influence of $K$-Theory in the Mathematical
	Sciences},
	VOLUME = {26},
	YEAR = {2002},
	NUMBER = {2},
	PAGES = {171--205},
	ISSN = {0920-3036},
	MRCLASS = {55U35 (18D05 18G55)},
	MRNUMBER = {1931220},
	MRREVIEWER = {J. Daniel Christensen},
	DOI = {10.1023/A:1020305604826},
	URL = {https://doi.org/10.1023/A:1020305604826},
}

@article {street1976twolimits,
	AUTHOR = {Street, Ross},
	TITLE = {Limits indexed by category-valued {$2$}-functors},
	JOURNAL = {J. Pure Appl. Algebra},
	FJOURNAL = {Journal of Pure and Applied Algebra},
	VOLUME = {8},
	YEAR = {1976},
	NUMBER = {2},
	PAGES = {149--181},
	ISSN = {0022-4049},
	MRCLASS = {18D05},
	MRNUMBER = {401868},
	MRREVIEWER = {Robert C. Davis},
	DOI = {10.1016/0022-4049(76)90013-X},
	URL = {https://doi.org/10.1016/0022-4049(76)90013-X},
}

@phdthesis{mikkelsen1976lattice,
	title={Lattice theoretic and logical aspects of elementary topoi},
	author={C. J. Mikkelsen},
	year={1976},
	school={Aarhus University}
}

@inproceedings{mikkelsen1972finite,
	title={Finite colimits in toposes},
	author={Mikkelsen, C.J.},
	booktitle={Talk at the conference on category theory at Oberwolfach},
	year={1972}
}

@article{pare1974colimits,
	title={Colimits in topoi},
	author={Par{\'e}, R.},
	journal={Bulletin of the American Mathematical Society},
	volume={80},
	number={3},
	pages={556--561},
	year={1974}
}

@article{lawvere1963algebraictheory,
	AUTHOR = {Lawvere, F. William},
	TITLE = {Functorial semantics of algebraic theories},
	JOURNAL = {Proc. Nat. Acad. Sci. U.S.A.},
	FJOURNAL = {Proceedings of the National Academy of Sciences of the United
	States of America},
	VOLUME = {50},
	YEAR = {1963},
	PAGES = {869--872},
	ISSN = {0027-8424},
	MRCLASS = {18.10},
	MRNUMBER = {158921},
	MRREVIEWER = {M. Artin},
	DOI = {10.1073/pnas.50.5.869},
	URL = {https://doi.org/10.1073/pnas.50.5.869},
}

@article {palmgren1997nonstandardanalysis,
	AUTHOR = {Palmgren, Erik},
	TITLE = {A sheaf-theoretic foundation for nonstandard analysis},
	JOURNAL = {Ann. Pure Appl. Logic},
	FJOURNAL = {Annals of Pure and Applied Logic},
	VOLUME = {85},
	YEAR = {1997},
	NUMBER = {1},
	PAGES = {69--86},
	ISSN = {0168-0072},
	MRCLASS = {03H05 (03F60)},
	MRNUMBER = {1443276},
	DOI = {10.1016/S0168-0072(96)00041-3},
	URL = {https://doi.org/10.1016/S0168-0072(96)00041-3},
}

@article {raptisstrunk2018motivictopos,
	AUTHOR = {Raptis, Georgios and Strunk, Florian},
	TITLE = {Model topoi and motivic homotopy theory},
	JOURNAL = {Doc. Math.},
	FJOURNAL = {Documenta Mathematica},
	VOLUME = {23},
	YEAR = {2018},
	PAGES = {1757--1797},
	ISSN = {1431-0635},
	MRCLASS = {55U35 (14F42 18B25)},
	MRNUMBER = {3890956},
	MRREVIEWER = {Matthias Wendt},
}

@article {isaksen2019stablecomputation,
	AUTHOR = {Isaksen, Daniel C.},
	TITLE = {Stable stems},
	JOURNAL = {Mem. Amer. Math. Soc.},
	FJOURNAL = {Memoirs of the American Mathematical Society},
	VOLUME = {262},
	YEAR = {2019},
	NUMBER = {1269},
	PAGES = {viii+159},
	ISSN = {0065-9266},
	ISBN = {978-1-4704-3788-6; 978-1-4704-5511-8},
	MRCLASS = {14F42 (16T05 55P42 55Q10 55Q45 55S10 55S30 55T15)},
	MRNUMBER = {4046815},
	MRREVIEWER = {Masaki Kameko},
	DOI = {10.1090/memo/1269},
	URL = {https://doi.org/10.1090/memo/1269},
}

@article{bayindirperoux2020cothh,
	title={{S}panier-{W}hitehead duality for topological co{H}ochschild homology},
	author={Bay{\i}nd{\i}r, Haldun \"{O}zg\"{u}r and P\'{e}roux, Maximilien},
	journal={arXiv preprint},
	year={2020},
	NOTE = {\href{https://arxiv.org/abs/2012.03966}{arXiv:2012.03966}},
}

@article {bayindirperoux2023cothh,
	AUTHOR = {Bayindir, Haldun \"{O}zg\"{o}r and P\'{e}roux, Maximilien},
	TITLE = {Spanier-{W}hitehead duality for topological co{H}ochschild
	homology},
	JOURNAL = {J. Lond. Math. Soc. (2)},
	FJOURNAL = {Journal of the London Mathematical Society. Second Series},
	VOLUME = {107},
	YEAR = {2023},
	NUMBER = {5},
	PAGES = {1780--1822},
	ISSN = {0024-6107,1469-7750},
	MRCLASS = {16T15 (16E40 18N70 55P25 55P43 55S10)},
	MRNUMBER = {4585302},
}

@article {hess2010mixed,
	AUTHOR = {Hess, Kathryn},
	TITLE = {The {H}ochschild complex of a twisting cochain},
	JOURNAL = {J. Algebra},
	FJOURNAL = {Journal of Algebra},
	VOLUME = {451},
	YEAR = {2016},
	PAGES = {302--356},
	ISSN = {0021-8693},
	MRCLASS = {16E40 (16E45 16T15 18G55 55P35 55U15)},
	MRNUMBER = {3454410},
	MRREVIEWER = {Kenneth A. Brown},
	DOI = {10.1016/j.jalgebra.2015.11.040},
	URL = {https://doi.org/10.1016/j.jalgebra.2015.11.040},
}

@article{nuiten2021straightening,
	title={On straightening for {S}egal spaces},
	author={Nuiten, Joost},
	journal={arXiv preprint},
	year={2021},
	NOTE = {\href{https://arxiv.org/abs/2108.11431}{arXiv:2108.11431}},
}

@article {thomason1979deltaspace,
	AUTHOR = {Thomason, R. W.},
	TITLE = {Uniqueness of delooping machines},
	JOURNAL = {Duke Math. J.},
	FJOURNAL = {Duke Mathematical Journal},
	VOLUME = {46},
	YEAR = {1979},
	NUMBER = {2},
	PAGES = {217--252},
	ISSN = {0012-7094},
	MRCLASS = {55P35 (55R35)},
	MRNUMBER = {534053},
	MRREVIEWER = {J. F. Adams},
	URL = {http://projecteuclid.org/euclid.dmj/1077313403},
}

@article {satake1956orbifolds,
	AUTHOR = {Satake, I.},
	TITLE = {On a generalization of the notion of manifold},
	JOURNAL = {Proc. Nat. Acad. Sci. U.S.A.},
	FJOURNAL = {Proceedings of the National Academy of Sciences of the United
	States of America},
	VOLUME = {42},
	YEAR = {1956},
	PAGES = {359--363},
	ISSN = {0027-8424},
	MRCLASS = {55.0X},
	MRNUMBER = {79769},
	MRREVIEWER = {H. Samelson},
	DOI = {10.1073/pnas.42.6.359},
	URL = {https://doi.org/10.1073/pnas.42.6.359},
}

@article {satake1957orbifolds,
	AUTHOR = {Satake, Ichir\^{o}},
	TITLE = {The {G}auss-{B}onnet theorem for {$V$}-manifolds},
	JOURNAL = {J. Math. Soc. Japan},
	FJOURNAL = {Journal of the Mathematical Society of Japan},
	VOLUME = {9},
	YEAR = {1957},
	PAGES = {464--492},
	ISSN = {0025-5645},
	MRCLASS = {53.00},
	MRNUMBER = {95520},
	MRREVIEWER = {C. B. Allendoerfer},
	DOI = {10.2969/jmsj/00940464},
	URL = {https://doi.org/10.2969/jmsj/00940464},
}

@article {atiyah1988tft,
	AUTHOR = {Atiyah, Michael},
	TITLE = {Topological quantum field theories},
	JOURNAL = {Inst. Hautes \'{E}tudes Sci. Publ. Math.},
	FJOURNAL = {Institut des Hautes \'{E}tudes Scientifiques. Publications
	Math\'{e}matiques},
	NUMBER = {68},
	YEAR = {1988},
	PAGES = {175--186 (1989)},
	ISSN = {0073-8301},
	MRCLASS = {57R55 (58E15 81E13 81E40)},
	MRNUMBER = {1001453},
	MRREVIEWER = {Matthias Blau},
	URL = {http://www.numdam.org/item?id=PMIHES_1988__68__175_0},
}

@inproceedings {martinlof1975inttypetheories,
	AUTHOR = {Martin-L\"{o}f, Per},
	TITLE = {About models for intuitionistic type theories and the notion
	of definitional equality},
	BOOKTITLE = {Proceedings of the {T}hird {S}candinavian {L}ogic {S}ymposium
	({U}niv. {U}ppsala, {U}ppsala, 1973)},
	PAGES = {81--109. Stud. Logic Found. Math., Vol. 82},
	YEAR = {1975},
	MRCLASS = {02C15 (02C20 02D99)},
	MRNUMBER = {0389545},
	MRREVIEWER = {J. P. Seldin},
}

@article{altenkirch2021martin, 
	title={Martin Hofmann’s contributions to type theory: Groupoids and univalence}, 
	DOI={10.1017/S0960129520000316}, 
	journal={Mathematical Structures in Computer Science}, 
	publisher={Cambridge University Press}, 
	author={Altenkirch, Thorsten}, 
	year={2021}, 
	pages={1–5}
}

@incollection {moerdijk2002orbifolds,
	AUTHOR = {Moerdijk, Ieke},
	TITLE = {Orbifolds as groupoids: an introduction},
	BOOKTITLE = {Orbifolds in mathematics and physics ({M}adison, {WI}, 2001)},
	SERIES = {Contemp. Math.},
	VOLUME = {310},
	PAGES = {205--222},
	PUBLISHER = {Amer. Math. Soc., Providence, RI},
	YEAR = {2002},
	MRCLASS = {22A22 (55N30 55P15 58H05)},
	MRNUMBER = {1950948},
	MRREVIEWER = {Janez Mr\v{c}un},
	DOI = {10.1090/conm/310/05405},
	URL = {https://doi.org/10.1090/conm/310/05405},
}

@article{voevodsky2014origins,
	title={The origins and motivations of univalent foundations},
	author={Voevodsky, Vladimir},
	journal={The Institute Letter},
	pages={8--9},
	year={2014}
}

@article {bergmoerdijk2018univalentcompletion,
	AUTHOR = {van den Berg, Benno and Moerdijk, Ieke},
	TITLE = {Univalent completion},
	JOURNAL = {Math. Ann.},
	FJOURNAL = {Mathematische Annalen},
	VOLUME = {371},
	YEAR = {2018},
	NUMBER = {3-4},
	PAGES = {1337--1350},
	ISSN = {0025-5831},
	MRCLASS = {55U35 (18C50 18D05 18G30 55P15 55R15 55R35 55U10)},
	MRNUMBER = {3831273},
	MRREVIEWER = {David A. Blanc},
	DOI = {10.1007/s00208-017-1614-3},
	URL = {https://doi.org/10.1007/s00208-017-1614-3},
}

@article {ahrenskapulkinshulman2015rezkcompletion,
	AUTHOR = {Ahrens, Benedikt and Kapulkin, Krzysztof and Shulman, Michael},
	TITLE = {Univalent categories and the {R}ezk completion},
	JOURNAL = {Math. Structures Comput. Sci.},
	FJOURNAL = {Mathematical Structures in Computer Science. A Journal in the
	Applications of Categorical, Algebraic and Geometric Methods
	in Computer Science},
	VOLUME = {25},
	YEAR = {2015},
	NUMBER = {5},
	PAGES = {1010--1039},
	ISSN = {0960-1295},
	MRCLASS = {18B99 (03B15)},
	MRNUMBER = {3340533},
	MRREVIEWER = {Thomas Streicher},
	DOI = {10.1017/S0960129514000486},
	URL = {https://doi.org/10.1017/S0960129514000486},
}

@article {thom1954thomspace,
	AUTHOR = {Thom, Ren\'{e}},
	TITLE = {Quelques propri\'{e}t\'{e}s globales des vari\'{e}t\'{e}s diff\'{e}rentiables},
	JOURNAL = {Comment. Math. Helv.},
	FJOURNAL = {Commentarii Mathematici Helvetici},
	VOLUME = {28},
	YEAR = {1954},
	PAGES = {17--86},
	ISSN = {0010-2571},
	MRCLASS = {56.0X},
	MRNUMBER = {61823},
	MRREVIEWER = {W. S. Massey},
	DOI = {10.1007/BF02566923},
	URL = {https://doi.org/10.1007/BF02566923},
}

@article {milnor1958mu,
	AUTHOR = {Milnor, J.},
	TITLE = {On the cobordism ring {$\Omega ^{\ast} $} and a complex
	analogue. {I}},
	JOURNAL = {Amer. J. Math.},
	FJOURNAL = {American Journal of Mathematics},
	VOLUME = {82},
	YEAR = {1960},
	PAGES = {505--521},
	ISSN = {0002-9327},
	MRCLASS = {55.00},
	MRNUMBER = {119209},
	MRREVIEWER = {J. F. Adams},
	DOI = {10.2307/2372970},
	URL = {https://doi.org/10.2307/2372970},
}

@article {novikov1960mu,
	AUTHOR = {Novikov, S. P.},
	TITLE = {Some problems in the topology of manifolds connected with the
	theory of {T}hom spaces},
	JOURNAL = {Soviet Math. Dokl.},
	FJOURNAL = {Soviet Mathematics. Doklady},
	VOLUME = {1},
	YEAR = {1960},
	PAGES = {717--720},
	ISSN = {0197-6788},
	MRCLASS = {57.00},
	MRNUMBER = {0121815},
	MRREVIEWER = {J. F. Adams},
}

@article {novikov1962mu,
	AUTHOR = {Novikov, S. P.},
	TITLE = {Homotopy properties of {T}hom complexes},
	JOURNAL = {Mat. Sb. (N.S.)},
	VOLUME = {57 (99)},
	YEAR = {1962},
	PAGES = {407--442},
	MRCLASS = {55.50 (55.60)},
	MRNUMBER = {0157381},
	MRREVIEWER = {J. W. Jaworowski},
}

@article {quillen1969complexcobordism,
	AUTHOR = {Quillen, Daniel},
	TITLE = {On the formal group laws of unoriented and complex cobordism
	theory},
	JOURNAL = {Bull. Amer. Math. Soc.},
	FJOURNAL = {Bulletin of the American Mathematical Society},
	VOLUME = {75},
	YEAR = {1969},
	PAGES = {1293--1298},
	ISSN = {0002-9904},
	MRCLASS = {57.10},
	MRNUMBER = {253350},
	MRREVIEWER = {R. E. Stong},
	DOI = {10.1090/S0002-9904-1969-12401-8},
	URL = {https://doi.org/10.1090/S0002-9904-1969-12401-8},
}

@incollection {arendtkapulkin2011typetheory,
	AUTHOR = {Arndt, Peter and Kapulkin, Krzysztof},
	TITLE = {Homotopy-theoretic models of type theory},
	BOOKTITLE = {Typed lambda calculi and applications},
	SERIES = {Lecture Notes in Comput. Sci.},
	VOLUME = {6690},
	PAGES = {45--60},
	PUBLISHER = {Springer, Heidelberg},
	YEAR = {2011},
	MRCLASS = {03B15},
	MRNUMBER = {2830786},
	DOI = {10.1007/978-3-642-21691-6\_7},
	URL = {https://doi.org/10.1007/978-3-642-21691-6_7},
}

@article {lumsdaineshulman2020goodmodel,
	AUTHOR = {LeFanu Lumsdaine, Peter and Shulman, Michael},
	TITLE = {Semantics of higher inductive types},
	JOURNAL = {Math. Proc. Cambridge Philos. Soc.},
	FJOURNAL = {Mathematical Proceedings of the Cambridge Philosophical
	Society},
	VOLUME = {169},
	YEAR = {2020},
	NUMBER = {1},
	PAGES = {159--208},
	ISSN = {0305-0041},
	MRCLASS = {18C50 (03B38 18N40 18N45 18N60)},
	MRNUMBER = {4120789},
	MRREVIEWER = {Thomas Streicher},
	DOI = {10.1017/s030500411900015x},
	URL = {https://doi.org/10.1017/s030500411900015x},
}

@book {riemann1953gesammelt,
	AUTHOR = {Riemann, Bernhard},
	TITLE = {Gesammelte mathematische {W}erke und wissenschaftlicher
	{N}achlass},
	PUBLISHER = {Dover Publications, Inc., New York, N. Y.},
	YEAR = {1953},
	PAGES = {xix+558+viii+116},
	MRCLASS = {01.0X},
	MRNUMBER = {0052364},
}

@incollection {grothendieck1995stack,
	AUTHOR = {Grothendieck, Alexander},
	TITLE = {Technique de descente et th\'{e}or\`emes d'existence en g\'{e}om\'{e}trie
	alg\'{e}brique. {I}. {G}\'{e}n\'{e}ralit\'{e}s. {D}escente par morphismes
	fid\`element plats},
	BOOKTITLE = {S\'{e}minaire {B}ourbaki, {V}ol. 5},
	PAGES = {Exp. No. 190, 299--327},
	PUBLISHER = {Soc. Math. France, Paris},
	YEAR = {1995},
	MRCLASS = {14A15},
	MRNUMBER = {1603475},
}

@article {atiyahhirzebruch1959ktheory,
	AUTHOR = {Atiyah, M. F. and Hirzebruch, F.},
	TITLE = {Riemann-{R}och theorems for differentiable manifolds},
	JOURNAL = {Bull. Amer. Math. Soc.},
	FJOURNAL = {Bulletin of the American Mathematical Society},
	VOLUME = {65},
	YEAR = {1959},
	PAGES = {276--281},
	ISSN = {0002-9904},
	MRCLASS = {57.00},
	MRNUMBER = {110106},
	MRREVIEWER = {M. A. Kervaire},
	DOI = {10.1090/S0002-9904-1959-10344-X},
	URL = {https://doi.org/10.1090/S0002-9904-1959-10344-X},
}

@inproceedings {grothendieck1960etale,
	AUTHOR = {Grothendieck, Alexander},
	TITLE = {The cohomology theory of abstract algebraic varieties},
	BOOKTITLE = {Proc. {I}nternat. {C}ongress {M}ath. ({E}dinburgh, 1958)},
	PAGES = {103--118},
	PUBLISHER = {Cambridge Univ. Press, New York},
	YEAR = {1960},
	MRCLASS = {14.55},
	MRNUMBER = {0130879},
	MRREVIEWER = {R. Bott},
}

@inproceedings {mumford1963ellipticcurves,
	AUTHOR = {Mumford, David},
	TITLE = {Picard groups of moduli problems},
	BOOKTITLE = {Arithmetical {A}lgebraic {G}eometry ({P}roc. {C}onf. {P}urdue
	{U}niv., 1963)},
	PAGES = {33--81},
	PUBLISHER = {Harper \& Row, New York},
	YEAR = {1965},
	MRCLASS = {14.20},
	MRNUMBER = {0201443},
	MRREVIEWER = {S. S. Shatz},
}

@article {voevodsky2003milnor,
	AUTHOR = {Voevodsky, Vladimir},
	TITLE = {Motivic cohomology with {${\bf Z}/2$}-coefficients},
	JOURNAL = {Publ. Math. Inst. Hautes \'{E}tudes Sci.},
	FJOURNAL = {Publications Math\'{e}matiques. Institut de Hautes \'{E}tudes
	Scientifiques},
	NUMBER = {98},
	YEAR = {2003},
	PAGES = {59--104},
	ISSN = {0073-8301},
	MRCLASS = {14F42 (12G05 19D45 19E15)},
	MRNUMBER = {2031199},
	MRREVIEWER = {Eric M. Friedlander},
	DOI = {10.1007/s10240-003-0010-6},
	URL = {https://doi.org/10.1007/s10240-003-0010-6},
}

@article {morelvoevodsky1999motivic,
	AUTHOR = {Morel, Fabien and Voevodsky, Vladimir},
	TITLE = {{${\bf A}^1$}-homotopy theory of schemes},
	JOURNAL = {Inst. Hautes \'{E}tudes Sci. Publ. Math.},
	FJOURNAL = {Institut des Hautes \'{E}tudes Scientifiques. Publications
	Math\'{e}matiques},
	NUMBER = {90},
	YEAR = {1999},
	PAGES = {45--143 (2001)},
	ISSN = {0073-8301},
	MRCLASS = {14F35 (19E08)},
	MRNUMBER = {1813224},
	MRREVIEWER = {Marc Levine},
	URL = {http://www.numdam.org/item?id=PMIHES_1999__90__45_0},
}

@misc{leanteam2021liquidtensor,
	author = {Barton, Reid and Commelin, Johan and Lean community},
	title = {Liquid Tensor Lean Github Library},
	year = 2021,
	url = {https://github.com/leanprover-community/lean-liquid},
	howpublished = {\href{https://github.com/leanprover-community/lean-liquid}{Available online}},
}


@Online{hartnett2021liquidtensor,
	author = {Hartnett, Kevin},
	year = {2021},
	title = {Proof Assistant Makes Jump to Big-League Math},
	journal = {Quanta Magazine},
	url = {https://www.quantamagazine.org/lean-computer-program-confirms-peter-scholze-proof-20210728/},
	howpublished = {\href{https://www.quantamagazine.org/lean-computer-program-confirms-peter-scholze-proof-20210728/}{https://www.quantamagazine.org/lean-computer-program-confirms-peter-scholze-proof-20210728/}},
	urldate = {2021-07-28}
}

@Online{hartnett2015coq,
	author = {Hartnett, Kevin},
	year = {2015},
	title = {Will Computers Redefine the Roots of Math?},
	journal = {Quanta Magazine},
	url = {https://www.quantamagazine.org/univalent-foundations-redefines-mathematics-20150519/},
	howpublished = {\href{https://www.quantamagazine.org/univalent-foundations-redefines-mathematics-20150519/}{https://www.quantamagazine.org/univalent-foundations-redefines-mathematics-20150519/}},
	urldate = {2015-05-19}
}

@book {hatcher2002at,
	AUTHOR = {Hatcher, Allen},
	TITLE = {Algebraic topology},
	PUBLISHER = {Cambridge University Press, Cambridge},
	YEAR = {2002},
	PAGES = {xii+544},
	ISBN = {0-521-79160-X; 0-521-79540-0},
	MRCLASS = {55-01 (55-00)},
	MRNUMBER = {1867354},
	MRREVIEWER = {Donald W. Kahn},
}

@article{gepnerhaugsengkock2021analyticmonad,
	author = {Gepner, David and Haugseng, Rune and Kock, Joachim},
	title = {$\infty$-Operads as Analytic Monads},
	journal = {International Mathematics Research Notices},
	volume = {2022},
	number = {16},
	pages = {12516-12624},
	year = {2021},
	month = {04},
	abstract = "{We develop an \\$\\infty \\$-categorical version of the classical theory of polynomial and analytic functors, initial algebras, and free monads. Using this machinery, we provide a new model for \\$\\infty \\$-operads, namely \\$\\infty \\$-operads as analytic monads. We justify this definition by proving that the \\$\\infty \\$-category of analytic monads is equivalent to that of dendroidal Segal spaces, known to be equivalent to the other existing models for \\$\\infty \\$-operads.}",
	issn = {1073-7928},
	doi = {10.1093/imrn/rnaa332},
	url = {https://doi.org/10.1093/imrn/rnaa332},
	eprint = {https://academic.oup.com/imrn/article-pdf/2022/16/12516/45280093/rnaa332.pdf},
}

@article {verity2011doublecat,
	AUTHOR = {Verity, Dominic},
	TITLE = {Enriched categories, internal categories and change of base},
	JOURNAL = {Repr. Theory Appl. Categ.},
	FJOURNAL = {Reprints in Theory and Applications of Categories},
	NUMBER = {20},
	YEAR = {2011},
	PAGES = {1--266},
	MRCLASS = {18D05 (18D20)},
	MRNUMBER = {2844536},
	MRREVIEWER = {Josep Elgueta},
}

@book {grandis2020doublecat,
	AUTHOR = {Grandis, Marco},
	TITLE = {Higher dimensional categories},
	NOTE = {From double to multiple categories},
	PUBLISHER = {World Scientific Publishing Co. Pte. Ltd., Hackensack, NJ},
	YEAR = {2020},
	PAGES = {xi+522},
	ISBN = {978-981-120-510-1},
	MRCLASS = {18-02 (18A99 18N10)},
	MRNUMBER = {3970290},
	MRREVIEWER = {Dominic Robert Verity},
}

@inproceedings {licataweaver2020directedhott,
	AUTHOR = {Weaver, Matthew Z. and Licata, Daniel R.},
	TITLE = {A constructive model of directed univalence in bicubical sets},
	BOOKTITLE = {Proceedings of the 35th {A}nnual {ACM}/{IEEE} {S}ymposium on
	{L}ogic in {C}omputer {S}cience ({LICS} 2020)},
	PAGES = {14},
	PUBLISHER = {ACM, New York},
	YEAR = {[2020] \copyright 2020},
	MRCLASS = {03B38 (18N45)},
	MRNUMBER = {4171556},
}

@book {johnsonyau2021doublecat,
	AUTHOR = {Johnson, Niles and Yau, Donald},
	TITLE = {2-dimensional categories},
	PUBLISHER = {Oxford University Press, Oxford},
	YEAR = {2021},
	PAGES = {xix+615},
	ISBN = {978-0-19-887138-5; 978-0-19-887137-8},
	MRCLASS = {18-02 (18N10 18N15 18N20)},
	MRNUMBER = {4261588},
	MRREVIEWER = {Robert Laugwitz},
	DOI = {10.1093/oso/9780198871378.001.0001},
	URL = {https://doi.org/10.1093/oso/9780198871378.001.0001},
}

@article {martins2006pseudocats,
	AUTHOR = {Martins-Ferreira, N.},
	TITLE = {Pseudo-categories},
	JOURNAL = {J. Homotopy Relat. Struct.},
	FJOURNAL = {Journal of Homotopy and Related Structures},
	VOLUME = {1},
	YEAR = {2006},
	NUMBER = {1},
	PAGES = {47--78},
	MRCLASS = {18D05 (18D15)},
	MRNUMBER = {2264737},
	MRREVIEWER = {Enrico Vitale},
}

@article {coquandruchsattler2021constructivesheaf,
	AUTHOR = {Coquand, Thierry and Ruch, Fabian and Sattler, Christian},
	TITLE = {Constructive sheaf models of type theory},
	JOURNAL = {Math. Structures Comput. Sci.},
	FJOURNAL = {Mathematical Structures in Computer Science. A Journal in the
	Applications of Categorical, Algebraic and Geometric Methods
	in Computer Science},
	VOLUME = {31},
	YEAR = {2021},
	NUMBER = {9},
	PAGES = {979--1002},
	ISSN = {0960-1295},
	MRCLASS = {03B38 (18F20 18N45)},
	MRNUMBER = {4442636},
	MRREVIEWER = {Jean-Pierre Marquis},
	DOI = {10.1017/S0960129521000359},
	URL = {https://doi.org/10.1017/S0960129521000359},
}

@book {riehlverity2022elements,
	AUTHOR = {Riehl, Emily and Verity, Dominic},
	TITLE = {Elements of {$\infty$}-category theory},
	SERIES = {Cambridge Studies in Advanced Mathematics},
	VOLUME = {194},
	PUBLISHER = {Cambridge University Press, Cambridge},
	YEAR = {2022},
	PAGES = {xix+759},
	ISBN = {978-1-108-83798-9},
	MRCLASS = {18-02 (18Nxx)},
	MRNUMBER = {4354541},
	DOI = {10.1017/9781108936880},
	URL = {https://doi.org/10.1017/9781108936880},
}


@article{moser2022him,
	title={Defining limits in $(\infty,n)$-categories},
	author={Moser, Lyne},
	year={2022},
	journal={Talk in the Follow-up Workshop to JTP “Topology”, HIM, Bonn, Germany},
	note = {\href{https://www.youtube.com/watch?v=NwHhwXEaN2U}{Talk available online}}
}

@misc{Unimath2023categorylibrary,
	author = {Ahrens, Benedikt and et al.},
	title = {Category Theory Github Library},
	year = {2023},
	url = {https://github.com/UniMath/UniMath/tree/master/UniMath/CategoryTheory},
	howpublished = {\href{https://github.com/UniMath/UniMath/tree/master/UniMath/CategoryTheory}{Available online}},
}

@article {afmvv2021bicats,
	AUTHOR = {Ahrens, Benedikt and Frumin, Dan and Maggesi, Marco and
	Veltri, Niccol\`o and van der Weide, Niels},
	TITLE = {Bicategories in univalent foundations},
	JOURNAL = {Math. Structures Comput. Sci.},
	FJOURNAL = {Mathematical Structures in Computer Science. A Journal in the
	Applications of Categorical, Algebraic and Geometric Methods
	in Computer Science},
	VOLUME = {31},
	YEAR = {2021},
	NUMBER = {10},
	PAGES = {1232--1269},
	ISSN = {0960-1295},
	MRCLASS = {18N10 (03B38 18N45)},
	MRNUMBER = {4490191},
	DOI = {10.1017/s0960129522000032},
	URL = {https://doi.org/10.1017/s0960129522000032},
}

@article{shulman2006limits,
	title={Homotopy limits and colimits and enriched homotopy theory},
	author={Shulman, Michael},
	journal={arXiv preprint},
	year={2006},
	NOTE = {\href{https://arxiv.org/abs/0610194}{arXiv:0610194}},
}

@article{martiniwolf2021limits,
	title={Limits and colimits in internal higher category theory},
	author = {Martini, Louis and Wolf, Sebastian},	
	journal={arXiv preprint},
	year={2021},
	NOTE = {\href{https://arxiv.org/abs/2111.14495}{arXiv:2111.14495}},
}

@article{linskensnardinpol2022global,
	title={Global homotopy theory via partially lax limits},
	author = {Linskens, Sil and Nardin, Denis and Pol, Luca},	
	journal={arXiv preprint},
	year={2021},
	NOTE = {\href{https://arxiv.org/abs/2206.01556}{arXiv:2206.01556}},
}

@article{kudasovriehlweinberger2023rzkyoneda,
	title={Formalizing the $\infty$-categorical Yoneda lemma},
	author = {Kudasov, Nikolai and Riehl, Emily and Weinberger, Jonathan},	
	journal={arXiv preprint},
	year={2023},
	NOTE = {\href{https://arxiv.org/abs/2309.08340}{arXiv:2309.08340}},
}

@article{scholze2019condensed,
	title={Lectures on Condensed Mathematics},
	author={Scholze, Peter},
	NOTE = {\href{https://www.math.uni-bonn.de/people/scholze/Condensed.pdf}{Unpublished notes}},
	year={2019}
}

@article{barwickhaine2019pyknotic,
	title={Pyknotic objects, I. Basic notions},
	author={Barwick, Clark and Haine, Peter},
	journal={arXiv preprint},
	year={2019},
	NOTE = {\href{https://arxiv.org/abs/1904.09966}{arXiv:1904.09966}},
}

@article {lawvere2007cohesion,
	AUTHOR = {Lawvere, F. William},
	TITLE = {Axiomatic cohesion},
	JOURNAL = {Theory Appl. Categ.},
	FJOURNAL = {Theory and Applications of Categories},
	VOLUME = {19},
	YEAR = {2007},
	PAGES = {No. 3, 41--49},
	MRCLASS = {18A40 (18A25 18B30)},
	MRNUMBER = {2369017},
}


@article{schreiber2013cohesive,
	title={Differential cohomology in a cohesive infinity-topos},
	author={Schreiber, Urs},
	journal={arXiv preprint},
	year={2013},
	NOTE = {\href{https://arxiv.org/abs/1310.7930}{arXiv:1310.7930}},
}

@article{clough2023homotopy,
	title={The homotopy theory of differentiable sheaves}, 
	author={Adrian Clough},
	year={2023},
	NOTE = {\href{https://arxiv.org/abs/1310.7930}{arXiv:1310.7930}},
}

@article {carchedi2020topoi,
	AUTHOR = {Carchedi, David Joseph},
	TITLE = {Higher orbifolds and {D}eligne-{M}umford stacks as structured
	infinity-topoi},
	JOURNAL = {Mem. Amer. Math. Soc.},
	FJOURNAL = {Memoirs of the American Mathematical Society},
	VOLUME = {264},
	YEAR = {2020},
	NUMBER = {1282},
	PAGES = {v+120},
	ISSN = {0065-9266},
	ISBN = {978-1-4704-4144-9; 978-1-4704-5810-2},
	MRCLASS = {14A30 (14D23 18B25 58A03)},
	MRNUMBER = {4075269},
	MRREVIEWER = {Laura Pertusi},
	DOI = {10.1090/memo/1282},
	URL = {https://doi.org/10.1090/memo/1282},
}

@article{haine2022condensed,
	title={Descent for sheaves on compact Hausdorff spaces},
	author={Haine, Peter},
	journal={arXiv preprint},
	year={2022},
	NOTE = {\href{https://arxiv.org/abs/2210.00186}{arXiv:2210.00186}},
}

@article {shor1999algorithm,
	AUTHOR = {Shor, Peter W.},
	TITLE = {Polynomial-time algorithms for prime factorization and
	discrete logarithms on a quantum computer},
	JOURNAL = {SIAM Rev.},
	FJOURNAL = {SIAM Review},
	VOLUME = {41},
	YEAR = {1999},
	NUMBER = {2},
	PAGES = {303--332},
	ISSN = {0036-1445,1095-7200},
	MRCLASS = {11Y05 (03D10 68Q05 81P68)},
	MRNUMBER = {1684546},
	MRREVIEWER = {Samuel\ S.\ Wagstaff, Jr.},
	DOI = {10.1137/S0036144598347011},
	URL = {https://doi.org/10.1137/S0036144598347011},
}


@InProceedings{gldvmv2024categoricaldeeplearning,
	title = 	 {Position: Categorical Deep Learning is an Algebraic Theory of All Architectures},
	author =       {Gavranovi\'{c}, Bruno and Lessard, Paul and Dudzik, Andrew Joseph and Von Glehn, Tamara and Madeira Ara\'{u}jo, Jo\~{a}o Guilherme and Veli\v{c}kovi\'{c}, Petar},
	booktitle = 	 {Proceedings of the 41st International Conference on Machine Learning},
	pages = 	 {15209--15241},
	year = 	 {2024},
	editor = 	 {Salakhutdinov, Ruslan and Kolter, Zico and Heller, Katherine and Weller, Adrian and Oliver, Nuria and Scarlett, Jonathan and Berkenkamp, Felix},
	volume = 	 {235},
	series = 	 {Proceedings of Machine Learning Research},
	month = 	 {21--27 Jul},
	publisher =    {PMLR},
	pdf = 	 {https://raw.githubusercontent.com/mlresearch/v235/main/assets/gavranovic24a/gavranovic24a.pdf},
	url = 	 {https://proceedings.mlr.press/v235/gavranovic24a.html},
	abstract = 	 {We present our position on the elusive quest for a general-purpose framework for specifying and studying deep learning architectures. Our opinion is that the key attempts made so far lack a coherent bridge between specifying constraints which models must satisfy and specifying their implementations. Focusing on building a such a bridge, we propose to apply category theory—precisely, the universal algebra of monads valued in a 2-category of parametric maps—as a single theory elegantly subsuming both of these flavours of neural network design. To defend our position, we show how this theory recovers constraints induced by geometric deep learning, as well as implementations of many architectures drawn from the diverse landscape of neural networks, such as RNNs. We also illustrate how the theory naturally encodes many standard constructs in computer science and automata theory.}
}

@misc{Hajij2023,
	author = {Hajij, Mustafa and Zamzmi, Ghada and Papamarkou, Theodore and Miolane, Nina and Guzmán-Sáenz, Aldo and Ramamurthy, Karthikeyan Natesan and Birdal, Tolga and Dey, Tamal K and Mukherjee, Soham and Samaga, Shreyas N and others},
	title = {Topological Deep Learning: Going Beyond Graph Data},
	year = {2023},
	url = {https://arxiv.org/abs/2206.00606}
}

@book {conti2024qml,
	AUTHOR = {Conti, Claudio},
	TITLE = {Quantum machine learning---thinking and exploration in neural
	network models for quantum science and quantum computing},
	SERIES = {Quantum Science and Technology},
	PUBLISHER = {Springer, Cham},
	YEAR = {[2024] \copyright 2024},
	PAGES = {xxiii+378},
	ISBN = {978-3-031-44225-4; 978-3-031-44226-1},
	MRCLASS = {81-02 (68T07 81P68)},
	MRNUMBER = {4696839},
	DOI = {10.1007/978-3-031-44226-1},
	URL = {https://doi.org/10.1007/978-3-031-44226-1},
}

@book{carlssonvejdemojohansson2021tda, 
	place={Cambridge}, 
	title={Topological Data Analysis with Applications}, 
	publisher={Cambridge University Press}, 
	author={Carlsson, Gunnar and Vejdemo-Johansson, Mikael}, 
	year={2021}
}

@article{arnottetal2024quantumembedding,
	author = {"Arnott, Max and Papaioannou, Dimitri and McDowall, Kieran and Lolur, Phalgun and Bald\'e, Bambord\'e"},
	title = {Reverse Map Projections as Equivariant Quantum Embeddings},
	eprint = {2407.19906},
	archivePrefix = {arXiv},
	primaryClass = {quant-ph},
	year = {2024}
}

@article{adh2021differentialcohomology,
	title={Differential Cohomology: Categories, Characteristic Classes, and Connections},
	author={Amabel, Araminta and Debray, Arun and Haine, Peter},
	journal={arXiv preprint},
	year={2021},
	NOTE = {\href{https://arxiv.org/abs/2109.12250}{arXiv:2109.12250}},
}

@article{bunkenikolausvoelkl2016differentialcohomology,
    AUTHOR = {Bunke, Ulrich and Nikolaus, Thomas and V\"olkl, Michael},
     TITLE = {Differential cohomology theories as sheaves of spectra},
   JOURNAL = {J. Homotopy Relat. Struct.},
  FJOURNAL = {Journal of Homotopy and Related Structures},
    VOLUME = {11},
      YEAR = {2016},
    NUMBER = {1},
     PAGES = {1--66},
      ISSN = {2193-8407,1512-2891},
   MRCLASS = {57R19 (55N20 55P42)},
  MRNUMBER = {3462099},
MRREVIEWER = {Sa\"id\ Zarati},
       DOI = {10.1007/s40062-014-0092-5},
       URL = {https://doi.org/10.1007/s40062-014-0092-5},
}

@article{groth2010inftycats,
	title={A short course on $\infty$-categories},
	author={Groth, Moritz},
	journal={arXiv preprint},
	year={2010},
	NOTE = {\href{https://arxiv.org/abs/1007.2925}{arXiv:1007.2925}},
}

@article{barwickglasman2016recollements,
	title={A note on stable recollements},
	author={Barwick, Clark and Glasman, Saul},
	journal={arXiv preprint},
	year={2016},
	NOTE = {\href{https://arxiv.org/abs/1607.02064}{arXiv:1607.02064}},
}


@article {hopkinssinger2005differentialcoh,
    AUTHOR = {Hopkins, M. J. and Singer, I. M.},
     TITLE = {Quadratic functions in geometry, topology, and {M}-theory},
   JOURNAL = {J. Differential Geom.},
  FJOURNAL = {Journal of Differential Geometry},
    VOLUME = {70},
      YEAR = {2005},
    NUMBER = {3},
     PAGES = {329--452},
      ISSN = {0022-040X,1945-743X},
   MRCLASS = {53C07 (57R19 58J28 81T30 81T50)},
  MRNUMBER = {2192936},
MRREVIEWER = {Daniel\ S.\ Freed},
       URL = {http://projecteuclid.org/euclid.jdg/1143642908},
}

@article {simonssullivan2008diffcoh,
    AUTHOR = {Simons, James and Sullivan, Dennis},
     TITLE = {Axiomatic characterization of ordinary differential
              cohomology},
   JOURNAL = {J. Topol.},
  FJOURNAL = {Journal of Topology},
    VOLUME = {1},
      YEAR = {2008},
    NUMBER = {1},
     PAGES = {45--56},
      ISSN = {1753-8416,1753-8424},
   MRCLASS = {58J28 (53C07 57R19)},
  MRNUMBER = {2365651},
MRREVIEWER = {Alan\ L.\ Carey},
       DOI = {10.1112/jtopol/jtm006},
       URL = {https://doi.org/10.1112/jtopol/jtm006},
}

@book {stimpson2011diffcoh,
    AUTHOR = {Stimpson, Andrew Jay},
     TITLE = {Axioms for {D}ifferential {C}ohomology},
      NOTE = {Thesis (Ph.D.)--State University of New York at Stony Brook},
 PUBLISHER = {ProQuest LLC, Ann Arbor, MI},
      YEAR = {2011},
     PAGES = {55},
      ISBN = {978-1124-94351-0},
   MRCLASS = {99-05},
  MRNUMBER = {2949749},
       URL =
              {http://gateway.proquest.com/openurl?url_ver=Z39.88-2004&rft_val_fmt=info:ofi/fmt:kev:mtx:dissertation&res_dat=xri:pqdiss&rft_dat=xri:pqdiss:3477628},
}

@article{debray2023diffcoh,
	title={Differential cohomology (encyclopedia article)},
	author={Debray, Arun},
	journal={arXiv preprint},
	year={2023},
	NOTE = {\href{https://arxiv.org/abs/2312.14338}{arXiv:2312.14338}}
}

@incollection {freed2002ktheoryqft,
    AUTHOR = {Freed, Daniel S.},
     TITLE = {{$K$}-theory in quantum field theory},
 BOOKTITLE = {Current developments in mathematics, 2001},
     PAGES = {41--87},
 PUBLISHER = {Int. Press, Somerville, MA},
      YEAR = {2002},
      ISBN = {1-57146-101-9},
   MRCLASS = {58J28 (19L64 58J90 81T30 81T45 81T50)},
  MRNUMBER = {1971377},
MRREVIEWER = {Adrian\ Clingher},
}


@article {deligne1971mixedhodge,
    AUTHOR = {Deligne, Pierre},
     TITLE = {Th\'eorie de {H}odge. {II}},
   JOURNAL = {Inst. Hautes \'Etudes Sci. Publ. Math.},
  FJOURNAL = {Institut des Hautes \'Etudes Scientifiques. Publications
              Math\'ematiques},
    NUMBER = {40},
      YEAR = {1971},
     PAGES = {5--57},
      ISSN = {0073-8301,1618-1913},
   MRCLASS = {14C30 (14F15)},
  MRNUMBER = {498551},
MRREVIEWER = {J.\ H. M. Steenbrink},
       URL = {http://www.numdam.org/item?id=PMIHES_1971__40__5_0},
}

@incollection {beilinson1984regulators,
    AUTHOR = {Beilinson, A. A.},
     TITLE = {Higher regulators and values of {$L$}-functions},
 BOOKTITLE = {Current problems in mathematics, {V}ol. 24},
    SERIES = {Itogi Nauki i Tekhniki},
     PAGES = {181--238},
 PUBLISHER = {Akad. Nauk SSSR, Vsesoyuz. Inst. Nauchn. i Tekhn. Inform.,
              Moscow},
      YEAR = {1984},
   MRCLASS = {11R42 (11G40 11G45 11R70 14C35 18F25 19F27)},
  MRNUMBER = {760999},
MRREVIEWER = {Daniel\ R.\ Grayson},
}

@article {hopkinssinger2005diffcoh,
    AUTHOR = {Hopkins, M. J. and Singer, I. M.},
     TITLE = {Quadratic functions in geometry, topology, and {M}-theory},
   JOURNAL = {J. Differential Geom.},
  FJOURNAL = {Journal of Differential Geometry},
    VOLUME = {70},
      YEAR = {2005},
    NUMBER = {3},
     PAGES = {329--452},
      ISSN = {0022-040X,1945-743X},
   MRCLASS = {53C07 (57R19 58J28 81T30 81T50)},
  MRNUMBER = {2192936},
MRREVIEWER = {Daniel\ S.\ Freed},
       URL = {http://projecteuclid.org/euclid.jdg/1143642908},
}

@incollection {freed2000diffcoh,
    AUTHOR = {Freed, Daniel S.},
     TITLE = {Dirac charge quantization and generalized differential
              cohomology},
 BOOKTITLE = {Surveys in differential geometry},
    SERIES = {Surv. Differ. Geom.},
    VOLUME = {7},
     PAGES = {129--194},
 PUBLISHER = {Int. Press, Somerville, MA},
      YEAR = {2000},
      ISBN = {1-57146-069-1},
   MRCLASS = {58J22 (55R65 58J90 81T50)},
  MRNUMBER = {1919425},
MRREVIEWER = {Adrian\ Clingher},
       DOI = {10.4310/SDG.2002.v7.n1.a6},
       URL = {https://doi.org/10.4310/SDG.2002.v7.n1.a6},
}

@incollection {cheegersimons1985diffchar,
    AUTHOR = {Cheeger, Jeff and Simons, James},
     TITLE = {Differential characters and geometric invariants},
 BOOKTITLE = {Geometry and topology ({C}ollege {P}ark, {M}d., 1983/84)},
    SERIES = {Lecture Notes in Math.},
    VOLUME = {1167},
     PAGES = {50--80},
 PUBLISHER = {Springer, Berlin},
      YEAR = {1985},
      ISBN = {3-540-16053-1},
   MRCLASS = {53C20 (57R20 58G10)},
  MRNUMBER = {827262},
MRREVIEWER = {P.\ Molino},
       DOI = {10.1007/BFb0075216},
       URL = {https://doi.org/10.1007/BFb0075216},
}

@article {bunkeschick2009smoothk,
    AUTHOR = {Bunke, Ulrich and Schick, Thomas},
     TITLE = {Smooth {$K$}-theory},
   JOURNAL = {Ast\'erisque},
  FJOURNAL = {Ast\'erisque},
    NUMBER = {328},
      YEAR = {2009},
     PAGES = {45--135},
      ISSN = {0303-1179,2492-5926},
      ISBN = {978-2-85629-289-1},
   MRCLASS = {19L50 (19L10 58J22 58J28)},
  MRNUMBER = {2664467},
MRREVIEWER = {Alan\ L.\ Carey},
}

@article {bunkenikolausvoelkl2016diffcoh,
    AUTHOR = {Bunke, Ulrich and Nikolaus, Thomas and V\"olkl, Michael},
     TITLE = {Differential cohomology theories as sheaves of spectra},
   JOURNAL = {J. Homotopy Relat. Struct.},
  FJOURNAL = {Journal of Homotopy and Related Structures},
    VOLUME = {11},
      YEAR = {2016},
    NUMBER = {1},
     PAGES = {1--66},
      ISSN = {2193-8407,1512-2891},
   MRCLASS = {57R19 (55N20 55P42)},
  MRNUMBER = {3462099},
MRREVIEWER = {Sa\"id\ Zarati},
       DOI = {10.1007/s40062-014-0092-5},
       URL = {https://doi.org/10.1007/s40062-014-0092-5},
}

@article{amabeldebrayhaine2021diffcoh,
	title={Differential Cohomology: Categories, Characteristic Classes, and Connections},
	author={Amabel, Araminta and Debray, Arun and Haine, Peter J.},
	journal={arXiv preprint},
	year={2021},
	NOTE = {\href{https://arxiv.org/abs/2109.12250}{arXiv:2109.12250}},
}

@article {whitney1937cohomology,
    AUTHOR = {Whitney, Hassler},
     TITLE = {On matrices of integers and combinatorial topology},
   JOURNAL = {Duke Math. J.},
  FJOURNAL = {Duke Mathematical Journal},
    VOLUME = {3},
      YEAR = {1937},
    NUMBER = {1},
     PAGES = {35--45},
      ISSN = {0012-7094,1547-7398},
   MRCLASS = {99-04},
  MRNUMBER = {1545970},
       DOI = {10.1215/S0012-7094-37-00304-1},
       URL = {https://doi.org/10.1215/S0012-7094-37-00304-1},
}

@Article{kolmogoroff1936homologiering,
 Author = {Kolmogoroff, A.},
 Title = {Homologiering des {Komplexes} und des lokal-bikompakten {Raumes}.},
 FJournal = {Recueil Math{\'e}matique. Nouvelle S{\'e}rie},
 Journal = {Rec. Math. Moscou, n. Ser.},
 Volume = {1},
 Pages = {701--706},
 Year = {1936},
 Language = {German},
 zbMATH = {2527151},
 JFM = {62.0672.01}
}

@article {eilenbergsteenrod1945axiomatic,
    AUTHOR = {Eilenberg, Samuel and Steenrod, Norman E.},
     TITLE = {Axiomatic approach to homology theory},
   JOURNAL = {Proc. Nat. Acad. Sci. U.S.A.},
  FJOURNAL = {Proceedings of the National Academy of Sciences of the United
              States of America},
    VOLUME = {31},
      YEAR = {1945},
     PAGES = {117--120},
      ISSN = {0027-8424},
   MRCLASS = {56.0X},
  MRNUMBER = {12228},
MRREVIEWER = {P.\ A.\ Smith},
       DOI = {10.1073/pnas.31.4.117},
       URL = {https://doi.org/10.1073/pnas.31.4.117},
}

@article {brown1962cohomology,
    AUTHOR = {Brown, Jr., Edgar H.},
     TITLE = {Cohomology theories},
   JOURNAL = {Ann. of Math. (2)},
  FJOURNAL = {Annals of Mathematics. Second Series},
    VOLUME = {75},
      YEAR = {1962},
     PAGES = {467--484},
      ISSN = {0003-486X},
   MRCLASS = {55.30},
  MRNUMBER = {138104},
MRREVIEWER = {S.-T.\ Hu},
       DOI = {10.2307/1970209},
       URL = {https://doi.org/10.2307/1970209},
}

@book {lima1958spectra,
    AUTHOR = {Lima, Elon Lages},
     TITLE = {D{UALITY} {AND} {POSTNIKOV} {INVARIANTS}},
      NOTE = {Thesis (Ph.D.)--The University of Chicago},
 PUBLISHER = {ProQuest LLC, Ann Arbor, MI},
      YEAR = {1958},
     PAGES = {(no paging)},
   MRCLASS = {99-05},
  MRNUMBER = {2611479},
       URL =
              {http://gateway.proquest.com/openurl?url_ver=Z39.88-2004&rft_val_fmt=info:ofi/fmt:kev:mtx:dissertation&res_dat=xri:pqdiss&rft_dat=xri:pqdiss:T-04403},
}

@book {adams1974stable,
    AUTHOR = {Adams, J. F.},
     TITLE = {Stable homotopy and generalised homology},
    SERIES = {Chicago Lectures in Mathematics},
 PUBLISHER = {University of Chicago Press, Chicago, Ill.-London},
      YEAR = {1974},
     PAGES = {x+373},
   MRCLASS = {55B20 (55E10)},
  MRNUMBER = {402720},
MRREVIEWER = {P.\ S.\ Landweber},
}

@article {mmss2001modelspectra,
    AUTHOR = {Mandell, M. A. and May, J. P. and Schwede, S. and Shipley, B.},
     TITLE = {Model categories of diagram spectra},
   JOURNAL = {Proc. London Math. Soc. (3)},
  FJOURNAL = {Proceedings of the London Mathematical Society. Third Series},
    VOLUME = {82},
      YEAR = {2001},
    NUMBER = {2},
     PAGES = {441--512},
      ISSN = {0024-6115,1460-244X},
   MRCLASS = {55P42 (18A25 18E30 55U35)},
  MRNUMBER = {1806878},
MRREVIEWER = {Mark\ Hovey},
       DOI = {10.1112/S0024611501012692},
       URL = {https://doi.org/10.1112/S0024611501012692},
}

@article {schwede2001smodule,
    AUTHOR = {Schwede, Stefan},
     TITLE = {{$S$}-modules and symmetric spectra},
   JOURNAL = {Math. Ann.},
  FJOURNAL = {Mathematische Annalen},
    VOLUME = {319},
      YEAR = {2001},
    NUMBER = {3},
     PAGES = {517--532},
      ISSN = {0025-5831,1432-1807},
   MRCLASS = {55U35 (55P42)},
  MRNUMBER = {1819881},
MRREVIEWER = {Neil\ P.\ Strickland},
       DOI = {10.1007/PL00004446},
       URL = {https://doi.org/10.1007/PL00004446},
}

@book {derham1931cohomology,
    AUTHOR = {De Rham, Georges},
     TITLE = {Sur l'analysis situs des vari\'et\'es \`a{} {$n$} dimensions},
 PUBLISHER = {NUMDAM, [place of publication not identified]},
      YEAR = {1931},
     PAGES = {86},
   MRCLASS = {99-05},
  MRNUMBER = {3532989},
       URL = {http://www.numdam.org/item?id=THESE_1931__129__1_0},
}

@book {brylinski1993geomquant,
    AUTHOR = {Brylinski, Jean-Luc},
     TITLE = {Loop spaces, characteristic classes and geometric
              quantization},
    SERIES = {Progress in Mathematics},
    VOLUME = {107},
 PUBLISHER = {Birkh\"auser Boston, Inc., Boston, MA},
      YEAR = {1993},
     PAGES = {xvi+300},
      ISBN = {0-8176-3644-7},
   MRCLASS = {57Rxx (18G50 55P35 58F06)},
  MRNUMBER = {1197353},
MRREVIEWER = {Daniel\ S.\ Freed},
       DOI = {10.1007/978-0-8176-4731-5},
       URL = {https://doi.org/10.1007/978-0-8176-4731-5},
}

@article{davies2024atii,
	title={V4D2 - {A}lgebraic {T}opology {II} {S}o24 (Stable and chromatic homotopy theory)},
	author={Davies, Jack},
	journal={Lecture notes},
	NOTE = {\href{https://www.dropbox.com/scl/fi/j73uavecb4gxkmb6uk80b/ATII_script.pdf?rlkey=2v7ezb2ie3bmu8rlig3kwq7qa&e=1&st=pu7m5wgm&dl=0}{Unpublished}},
	year={2024}
}
